1846 3184
608 153 677 182 YlE
702 152 755 182 DE
780 152 909 182 LOUIS
933 152 984 182 LE
1013 152 1125 183 GROS
1557 154 1612 182 109

130 227 224 269 visu
247 229 418 278 herent,
444 238 487 270 ct
511 228 771 270 exteiiolem
797 229 1035 270 refutantes
1056 229 1392 283 immunitatem,
1423 230 1467 270 in
1488 239 1608 271 turre

132 304 171 336 et
200 298 331 338 turiis
356 296 585 354 procinctu
610 297 679 337 vix
708 296 835 337 etiam
864 296 983 337 sibiq
1006 313 1050 338 se
1080 297 1376 340 contulerunt.
1409 298 1608 371 Applici-

132 373 200 405 tus
228 374 369 406 autem
404 364 689 405 immunitatis
718 364 869 406 ielicte
893 363 1097 405 domibus
1132 364 1483 408 flammivomus
1473 365 1607 424 lgnis,

132 431 342 489 quicquid
369 441 460 473 erat
488 441 636 488 picter
667 433 822 473 tuilim
853 440 894 473 et
920 431 1198 489 procinctum
1228 435 1320 489 ejus
1358 433 1399 474 in
1440 434 1610 474 cineres

132 498 344 540 dissolvit.
376 501 429 540 Et
451 499 589 556 prima
622 499 798 557 quidem
827 499 898 541 die
923 508 1106 556 propter
1132 508 1377 541 estuantem
1404 499 1611 542 incendio

132 566 276 607 subito
314 566 459 607 villam
503 576 622 608 extra
665 567 900 625 temptoria
948 567 1135 625 figentes
1155 578 1192 618 r,
1240 577 1453 625 sequente
1494 568 1611 609 intus

132 632 286 690 sopitis
315 633 498 676 flammis
534 635 866 692 reportavimus.
900 636 991 677 Rex
1022 650 1124 676 vero
1166 651 1334 676 summo
1369 652 1494 676 mane
1528 636 1612 677 hoc

134 717 219 743 uno
244 702 355 744 facto
378 712 418 744 et
436 718 510 744 eos
532 702 806 745 contristavit
827 711 869 744 et
891 718 971 743 nos
992 702 1264 753 exhilaravit,
1284 703 1489 778 quoniam
1515 720 1610 745 cum

132 769 365 826 temptoria
396 779 561 821 nostra,
600 777 682 812 mla
712 772 765 813 de
796 779 921 828 parte
954 771 1065 811 turri
1102 770 1443 829 piopinquioia,
1474 772 1611 813 multo

133 838 266 889 bello,
312 838 460 879 multis
504 839 760 897 saoittaium
808 847 850 880 et
883 838 1127 895 jaculomm
1174 838 1510 887 emissionibus,
1554 839 1611 880 ita

131 903 260 945 ctiam
288 914 347 957 ut,
377 905 604 963 premissis
630 906 744 948 inter
769 923 848 948 nos
878 914 920 947 et
942 907 1061 964 ipsos
1096 914 1361 948 armatorum
1388 906 1611 964 piesidiis,

132 988 210 1013 nos
260 973 413 1030 clipeis
464 974 626 1030 operiri
672 983 918 1032 oporteret,
966 972 1173 1016 lacessire
1220 983 1311 1015 tota
1356 984 1485 1016 nocte
1525 985 1614 1016 non

130 1039 411 1090 desisterent,
464 1041 726 1099 significavit
772 1042 948 1084 militari
993 1042 1085 1083 viro
1136 1051 1178 1083 et
1225 1043 1406 1100 egregio
1458 1043 1612 1084 baroni

130 1108 348 1150 Amalrico
368 1109 421 1150 de
447 1111 597 1151 Monte
616 1110 735 1152 Forti
758 1120 820 1161 ut,
846 1111 907 1152 eis
935 1126 985 1152 ex
1010 1110 1191 1168 obliquo
1213 1109 1396 1151 insidias
1422 1127 1608 1167 ponens,

131 1193 184 1218 ne
206 1178 480 1234 procinctum
504 1177 682 1235 impune
710 1178 1050 1236 regrederentur
1072 1177 1318 1235 provideat.
1343 1178 1427 1233 Qui
1450 1179 1612 1220 talibus

132 1244 311 1296 callens,
345 1244 389 1286 in
419 1245 666 1303 temptoriis
688 1247 697 1273 ¹
733 1244 863 1286 sumit
884 1256 899 1275 ³
924 1261 1042 1286 arma
1067 1261 1231 1303 eosque
1257 1261 1470 1303 equorum
1499 1247 1613 1288 velo-

131 1312 259 1354 citate
281 1329 332 1354 ex
351 1312 548 1371 obliquo,
567 1313 729 1355 nostris
751 1329 825 1354 eos
847 1312 1209 1371 impedientibus,
1234 1314 1462 1370 inopinate
1485 1331 1613 1372 quos-

130 1381 227 1422 dam
255 1380 496 1438 intercipit,
528 1381 619 1440 regi
649 1381 852 1423 celeriter
887 1382 1085 1422 remittit.
1131 1380 1216 1435 Qui
1256 1397 1353 1423 cum
1384 1381 1540 1423 redimi
1568 1399 1612 1423 se

130 1448 265 1490 multo
310 1452 529 1508 rogarent,
577 1449 762 1507 imperat
804 1465 877 1491 eos
925 1448 1160 1498 emancari,
1206 1465 1384 1490 mancos
1436 1458 1607 1502 autem,

128 1533 303 1574 punnos
333 1518 377 1558 in
406 1517 568 1575 punnis
601 1518 857 1568 referentes,
902 1516 1017 1558 intus
1055 1515 1186 1557 sociis
1226 1516 1405 1557 remitti.
1441 1517 1611 1571 Quibus

130 1586 265 1627 ceteri
317 1585 459 1627 territi
507 1585 717 1643 deinceps
771 1602 849 1626 nos
908 1584 1081 1642 quietos
1137 1584 1356 1626 sinebant.
1415 1585 1612 1643 Cumque

131 1654 428 1695 machinarum
457 1662 499 1695 et
528 1653 917 1695 instrumentorum
951 1661 1169 1694 structura
1203 1652 1486 1702 demorante,
1522 1661 1612 1695 tota

130 1721 334 1763 Alvernia
360 1721 571 1763 voluntati
601 1730 643 1762 et
673 1720 854 1762 arbitrio
888 1719 1105 1762 exercitus
1133 1728 1320 1778 pateret,
1355 1719 1443 1761 dux
1474 1720 1613 1778 Aqui-

130 1789 247 1831 tanie
283 1790 581 1841 Guilelmus‘2,
621 1788 814 1831 exercitu
855 1789 1177 1847 Aquitanorum
1216 1788 1369 1840 fretus,
1417 1789 1608 1830 advenit.

131 1857 213 1912 Qui
240 1874 336 1899 cum
370 1857 414 1899 in
446 1858 665 1899 montanis
697 1865 837 1899 castra
867 1865 1078 1908 metatus,
1107 1857 1152 1898 in
1180 1856 1312 1914 plano
1340 1859 1611 1899 Francorum

129 1924 374 1968 intueretur
419 1925 597 1967 rutilare
645 1925 904 1984 phalanges,
952 1924 1191 1966 admiratus
1241 1924 1460 1967 exercitus
1502 1926 1611 1966 tanti

131 1992 492 2052 magnitudinem,
531 1992 722 2050 penituit
748 2009 845 2034 eum
882 2008 961 2050 pro
992 1992 1259 2050 impotencia
1297 1992 1349 2034 ad
1386 1993 1612 2050 refragan-

129 2061 231 2102 dum
259 2060 432 2103 venisse
469 2060 736 2118 mittensque
766 2059 973 2118 pacificos
1005 2059 1096 2119 regi
1135 2059 1338 2111 nuncios,
1372 2068 1418 2101 ut
1448 2059 1485 2101 ei
1514 2069 1611 2102 tan-

130 2144 258 2185 quam
296 2127 474 2170 domino
511 2144 588 2169 suo
625 2127 830 2185 loquatur
857 2127 1044 2179 assistit,
1078 2144 1289 2185 perorans
1320 2128 1405 2169 hoc
1440 2128 1570 2169 modo
1601 2146 1607 2168 :

169 2259 200 2287 q.
227 2246 310 2277 inibi
335 2247 434 2277 νέω-[Ἄ
451 2247 537 2276 dans
558 2248 601 2283 E;
626 2251 708 2278 cette
732 2247 884 2277 derniere
904 2247 993 2284 ῖσςοη
1018 2246 1072 2277 1ιά
1092 2258 1197 2277 aucun
1224 2258 1317 2283 sen&
1344 2248 1398 2277 vix
1421 2248 1523 2278 ctiam
1546 2248 1609 2278 sibi

130 2292 201 2318 veut
220 2288 303 2323 (lire,
320 2288 532 2325 semble-c-il‚
549 2288 641 2328 juste
660 2292 679 2318 a
694 2293 805 2329 temps
825 2300 912 2329 pour
929 2300 1002 2320 eux.

169 2341 194 2360 ι’.
221 2330 388 2370 fingentes
407 2330 444 2360 E.

168 2384 194 2401 s.
221 2371 325 2401 sumit
342 2371 432 2401 deest
450 2372 486 2401 D.

172 2511 199 2540 ’1.
225 2510 375 2551 Passage
402 2511 469 2540 tr'es
487 2510 572 2540 clair
588 2510 614 2539 si
634 2521 674 2539 on
696 2510 780 2540 ecrit
798 2510 829 2540 in
847 2510 1054 2551 temploriis;
1073 2510 1212 2540 Amani-i
1231 2510 1271 2541 de
1286 2511 1447 2541 Montfort
1462 2511 1614 2541 ordonnc

128 2555 146 2580 a
161 2562 213 2581 ses
230 2551 384 2582 hommes
403 2552 443 2582 de
461 2552 602 2581 s'armcr
620 2555 638 2581 ξι
653 2551 842 2582 Γίῐιῑίϊίουι·
856 2552 914 2581 (les
935 2556 1043 2582 tentes
1059 2562 1146 2592 pour
1162 2563 1201 2581 nc
1214 2563 1276 2592 pas
1293 2552 1614 2583 atti1·c1·l'attention

127 2593 168 2622 de
191 2592 360 2638 l'enncmi.
394 2593 436 2623 Le
463 2593 703 2623 continuatcur
730 2592 898 2623 d'Aimoin
921 2593 992 2633 (cd.
1018 2594 1067 2623 Du
1096 2593 1209 2628 Breul,
1240 2594 1316 2635 366)
1340 2598 1436 2634 porte
1465 2593 1612 2624 intenta-

130 2638 259 2664 mentis.

170 2677 198 2705 2.
224 2675 418 2706 Guillaume
442 2676 483 2705 IX
507 2687 549 2705 ou
574 2675 768 2706 Guillanme
796 2676 832 2711 Χ,
859 2675 996 2706 suivant
1021 2677 1121 2716 qu'on
1142 2680 1305 2716 rapporte
1330 2675 1547 2716 l'cxpidition
1573 2676 1613 2705 dc

129 2717 229 2747 Louis
248 2717 289 2746 Vl
309 2719 327 2746 a
346 2717 425 2746 ‘1126
441 2728 494 2752 ou,
515 2728 595 2747 avec
614 2717 699 2746 lum
714 2717 754 2746 de
774 2717 901 2755 ¹¹6r1'fier
917 2717 961 2747 les
979 2718 1086 2754 dales,
1105 2721 1122 2747 a
1143 2718 1232 2748 1131.
