1846 3184
617 165 672 195 DU
699 165 765 194 MS.
794 165 886 194 LA'l'.
913 166 992 193 5909
1016 166 1038 193 A
1513 165 1570 194 1537

87 244 202 284 parari
227 243 402 273 mandavit
425 243 548 272 bellica
572 245 604 271 et
627 240 857 270 obsidionalia
875 241 1114 270 instrumenta.
1141 240 1215 270 Cito
1240 240 1386 280 erigitur
1409 240 1571 280 tristegas

84 299 151 323 tres
168 294 402 334 pugnantibus
419 293 598 333 porrigens
616 291 874 331 supereminens
892 291 1061 323 machina,
1083 302 1147 331 qne
1165 295 1278 320 castro
1299 290 1511 330 superlativa
1530 291 1572 319 de

86 343 356 384 propugnatorio
375 344 486 383 primo
506 341 695 381 sagittariis
717 345 749 370 et
767 341 956 370 balistariis
978 341 1026 370 ire
1051 345 1109 370 aut
1129 352 1187 381 per
1204 341 1384 370 castellum
1403 351 1572 380 apparere

86 394 294 434 prohiberet.
316 394 411 423 Unde
429 393 508 433 quia
526 391 799 422 incessanterdie
816 402 854 420 ae
873 395 969 420 nocte
987 391 1040 420 his·
1059 391 1201 420 coartati
1221 390 1479 420 defensionibus
1499 391 1571 420 suis

85 444 247 473 assistere
278 454 342 472 non
371 443 542 476 xalebant,
568 442 706 471 terratis
731 446 763 471 et
782 441 1016 470 subterraneis
1041 441 1154 469 caveis
1178 441 1398 470 defendentes
1425 441 1570 480 seipsos,

86 493 227 533 provide
263 493 507 529 defensabant,
541 503 748 532 suorumque
781 491 906 521 ictibus
941 491 1202 531 sagittariorum
1232 491 1434 520 insidiantes
1469 491 1572 530 primi

84 543 336 583 propugnaculi
373 543 549 583 superiore
578 543 908 572 transverberabant
944 542 1059 582 sepius
1102 545 1133 570 et
1172 541 1384 570 occidebant.
1425 541 1573 570 llerebat

85 593 240 622 machine
263 594 424 623 eminenti
444 605 530 634 pons
553 594 699 633 ligneus,
729 593 787 633 qui
816 604 850 622 se
877 592 1045 622 extentius
1074 591 1268 632 porrigens,
1294 601 1369 620 cum
1395 591 1574 631 paulisper

83 643 314 673 dimitteretur
329 655 432 684 super
447 644 619 684 glandem,
639 644 773 673 facilem
788 642 1075 673 descendentibus
1091 646 1231 682 pararet
1247 641 1454 681 ingressum.
1475 640 1571 675 Quod

83 697 202 722 contra
221 694 394 734 superbis
413 694 476 724 viri
495 695 658 723 callentes
685 693 801 733 lignea
824 692 927 733 podia
951 703 989 721 ex
1017 692 1178 732 opposito
1206 691 1394 731 separatim
1419 691 1572 730 prefere—

84 743 177 778 bant,
209 748 244 773 ut
274 748 306 773 et
334 755 421 784 pons
449 748 481 774 et
504 744 561 784 qui
588 754 649 784 per
676 748 815 784 pontem
842 743 1123 783 ingrederentur,
1151 741 1285 781 utrique
1312 745 1510 770 corruentes
1538 741 1570 769 in

85 793 328 823 subterraneas
360 795 474 824 foveas
507 794 616 823 acutis
648 793 792 822 sudibus
823 796 996 827 armatas,
1032 802 1072 821 ne
1106 791 1465 821 aniinadverterentur
1497 791 1573 820 ficte

84 843 192 882 paleis
218 848 367 884 opertas,
394 845 460 873 vite
484 844 677 884 periculum
702 848 734 873 et
757 843 877 873 mortis
903 843 1048 872 multam
1076 842 1294 871 sustinerent.
1325 841 1463 870 Interim
1492 841 1573 870 dum

83 893 144 922 hec
163 898 323 934 aguntur,
345 894 454 925 Guido
470 905 595 929 eomes,
614 899 767 924 metuens
786 893 1006 923 amissionem
1026 893 1156 933 oppidi,
1179 897 1213 922 at
1235 896 1307 921 erat
1326 892 1377 921 vir
1392 892 1521 921 callens
1543 895 1575 920 et

84 948 255 980 strenuus,
287 945 472 974 exereitum
505 949 672 985 quantum
701 948 815 985 potest
848 943 992 983 colligit,
1023 947 1183 984 parentes
1217 947 1249 972 et
1285 943 1413 972 amieos
1448 942 1574 982 ubique

83 994 254 1034 exagitat,
287 995 443 1025 dominos
474 995 702 1036 supplicando
730 995 893 1025 sollicitat
918 999 954 1024 ut
979 994 1131 1024 obsessis
1156 1004 1255 1034 opem
1285 994 1395 1023 ferant
1419 992 1572 1023 indilate.

82 1045 195 1083 Agens
222 1045 323 1074 etiam
352 1057 429 1075 011111
454 1046 592 1075 domino
620 1046 837 1080 Theobaldo,
872 1044 1058 1085 Campanie
1085 1049 1117 1074 et
1144 1044 1220 1074 Brie
1248 1043 1371 1073 comite
1401 1043 1572 1083 palatino.

84 1098 205 1134 nepote
232 1095 324 1134 regis
347 1096 480 1136 Anglie,
507 1096 624 1136 utique
648 1095 905 1135 elegantissime
927 1095 1118 1135 juventutis
1147 1098 1178 1124 et
1203 1093 1363 1123 militaris
1391 1092 1574 1133 discipline

84 1143 254 1174 industria
294 1146 476 1175 exercitato
519 1146 604 1181 viro,
648 1146 810 1187 quatinus
841 1145 895 1174 die
925 1150 1018 1174 certa
1052 1144 1270 1184 (deficiebant
1300 1144 1390 1173 enim
1421 1143 1574 1172 obsessis

84 1193 259 1234 victualia)
277 1195 428 1234 presidia
453 1196 556 1226 ferret
582 1196 740 1226 obtinuit.
762 1196 811 1225 Ad
830 1195 920 1235 quod
939 1195 1175 1235 peragendum
1193 1195 1366 1233 ingentem
1386 1194 1575 1234 Campano-

84 1254 161 1273 rum
184 1249 216 1274 et
242 1244 438 1275 Briensium
468 1246 674 1275 coadunavit
698 1246 895 1279 exereitum,
924 1250 959 1275 ut
984 1249 1137 1274 castrum
1165 1244 1345 1274 obsessum
1369 1254 1471 1273 manu
1496 1243 1573 1272 forti

84 1293 301 1331 deliberaret,
321 1300 378 1325 aut
393 1296 571 1326 dominum
589 1296 799 1326 Ludovicum
818 1299 1021 1336 provocaret
1036 1295 1078 1324 ad
1097 1299 1280 1324 certamen.
1300 1295 1341 1324 Et
1361 1294 1441 1334 quia
1459 1304 1573 1323 coines

84 1343 193 1374 Guido
212 1344 323 1374 adhuc
338 1346 454 1385 palam
473 1346 641 1375 rebellare
656 1357 721 1375 non
741 1345 901 1380 audebat,
919 1345 992 1385 ipse
1008 1349 1152 1385 propter
1169 1344 1232 1373 hoc
1251 1343 1394 1384 dignum
1411 1343 1520 1375 duxit,
1541 1347 1575 1372 nt

86 1393 222 1424 interim
250 1395 283 1424 in
310 1396 462 1436 villagiis
490 1396 693 1436 propinquis
714 1396 845 1436 rapinis
870 1401 902 1426 et
928 1395 1093 1425 incendiis
1120 1394 1308 1430 insudaret,
1335 1398 1371 1423 ut
1397 1393 1575 1423 occasione

86 1445 164 1474 talis
186 1446 390 1476 contumelie
415 1447 549 1476 obsidio
572 1447 675 1476 etiam
701 1448 937 1476 frustraretur.
966 1446 1151 1487 Designata
1178 1445 1284 1486 igitur
1311 1445 1376 1479 die,
1406 1456 1471 1485 qua
1496 1455 1577 1485 pre-

85 1494 196 1525 dictus
223 1506 336 1526 eomes
362 1497 581 1527 Theobaldus
608 1501 640 1527 et
676 1497 829 1537 presidia
861 1498 965 1526 ferret
994 1501 1025 1526 et
1055 1496 1271 1526 obsidionem
1301 1506 1405 1525 manu
1434 1494 1576 1524 militari

85 1551 288 1581 removeret,
309 1547 467 1577 dominus
493 1547 695 1587 designatus
715 1559 780 1577 non
799 1548 944 1582 eminus,
966 1547 1046 1587 quia
1071 1546 1298 1587 impossibile,
1333 1545 1391 1575 sed
1421 1545 1576 1574 cominus

85 1599 117 1625 et
153 1596 193 1626 de
221 1598 415 1638 propinquo
444 1597 581 1638 pugiles
617 1608 775 1633 evocans,
810 1597 1048 1638 augmentavit
1080 1597 1277 1631 exereitum,
1313 1600 1344 1625 et
1373 1600 1452 1625 111110
1483 1595 1577 1635 regie

88 1656 216 1676 memor
235 1647 443 1682 excellentie,
472 1652 581 1677 macte
599 1648 748 1683 virtutis,
774 1648 904 1677 relictis
926 1647 1084 1677 tentoriis
1110 1647 1173 1675 sub
1192 1645 1349 1675 custodia
1373 1656 1576 1686 paucorum,

84 1697 234 1727 occurrit
252 1698 409 1727 hostibus
426 1697 643 1734 letabundus,
664 1698 902 1738 premissoque
920 1698 1135 1738 exploratore
1151 1697 1208 1737 qui
1222 1700 1349 1726 statum
1367 1706 1486 1725 corum
1500 1699 1532 1724 et
1550 1695 1577 1724 si

88 1746 242 1777 venirent
278 1748 320 1777 ad
358 1748 591 1778 dimicandum
632 1749 861 1781 renunciaret.
905 1748 990 1788 ipse,
1036 1747 1154 1777 accitis
1196 1746 1397 1778 baronibus,
1435 1757 1491 1775 eos
1536 1745 1577 1774 ad

88 1796 267 1827 audaciam
300 1799 431 1833 incitat,
469 1799 558 1829 acies
598 1800 745 1835 ordinat,
785 1799 969 1828 militarem
1007 1803 1039 1828 et
1075 1798 1280 1838 pedestrem,
1317 1797 1517 1837 sagittarios
1548 1802 1579 1827 et

87 1847 278 1878 lancearios
300 1849 372 1878 loco
391 1849 506 1879 debito
531 1842 738 1890 sequestrati
754 1850 820 1879 Nec
839 1860 946 1884 mora,
968 1854 1004 1878 ut
1023 1860 1057 1878 sc
1078 1849 1167 1878 acies
1184 1854 1302 1878 mutuo
1321 1847 1577 1888 conspicantur,

88 1897 235 1928 classica
260 1899 426 1935 intonant,
454 1899 607 1940 equitum
627 1904 660 1929 et
684 1911 849 1940 equorum
876 1899 1079 1929 animositas
1098 1899 1272 1933 incitatur,
1295 1898 1460 1928 citissime
1484 1908 1578 1927 com-

90 1947 248 1983 mittitur,
275 1953 307 1979 ot
331 1960 407 1979 cum
433 1950 615 1979 emissione
641 1950 860 1990 sagittarum,
877 1960 955 1979 cum
971 1949 1099 1979 lanceis
1127 1954 1160 1978 ct
1183 1949 1323 1978 ensibus
1349 1948 1484 1978 sortiter
1506 1958 1578 1977 sese

90 1997 298 2038 impingunt.
319 2000 423 2029 Atrox
447 2000 728 2040 initurpreliuiny
750 2000 807 2029 sed
832 2000 890 2029 diu
916 2011 980 2029 non
1008 2000 1157 2032 duravit,
1181 2011 1259 2029 nam
1280 2003 1387 2028 marte
1418 1998 1578 2027 continno

88 2048 261 2078 exercitati
281 2049 440 2080 Brienses
456 2055 488 2079 et
506 2051 761 2090 Campanenses
785 2051 887 2090 longa
902 2061 984 2091 pace
1001 2051 1130 2079 solutos
1153 2050 1283 2090 agressi
1301 2049 1434 2082 cedunt,
1451 2048 1579 2078 lanceis

88 2102 120 2127 et
146 2098 273 2138 gladiis
301 2101 519 2140 precipitem,
549 2101 690 2130 victorie
719 2101 896 2137 insistunt,
934 2112 992 2130 1100
1018 2112 1074 2130 eos
1098 2100 1304 2140 impugnare
1329 2099 1474 2128 viriliter
1508 2103 1577 2127 tam

90 2148 232 2178 militari
278 2161 381 2189 qnam
428 2151 576 2190 pedestri
619 2162 721 2180 manu
770 2151 963 2184 desistunt,
1007 2151 1114 2180 donec
1157 2155 1254 2189 terga
1293 2153 1464 2179 vertentes
1501 2150 1578 2187 suge

91 2199 313 2239 arripuerunt
336 2201 539 2240 presidium.
563 2202 640 2241 lpse
665 2212 744 2236 vcro
770 2212 903 2233 comes.
936 2202 1055 2231 videns
1083 2212 1162 2231 suos
1188 2211 1360 2230 rarescere
1392 2205 1424 2229 et
1449 2200 1579 2228 malens·

91 2249 223 2289 primus
242 2261 343 2290 quam
363 2256 533 2280 extremus
547 2252 578 2280 in
601 2253 693 2292 fuga,
715 2264 754 2281 ne
772 2257 966 2292 caperetur,
987 2252 1144 2292 reperiri,
1166 2251 1283 2281 relicto
1298 2250 1458 2283 exereitn,
1484 2260 1579 2289 repa-

91 2300 193 2329 triare
217 2302 400 2330 contendit.
431 2302 466 2330 ln
494 2302 551 2331 illa
579 2302 822 2341 congressione
851 2303 1028 2343 quingenti
1057 2303 1236 2337 interfecti,
1271 2302 1365 2331 multi
1394 2301 1576 2333 vulnerati.

91 2350 206 2389 plures
234 2351 324 2390 capti
345 2352 492 2383 suerunt,
517 2352 632 2392 sicque
654 2353 770 2382 Franci
793 2353 958 2382 famosam
980 2353 1104 2393 ubique
1132 2358 1300 2382 terrarum
1317 2351 1576 2381 celeberrimam

90 2406 297 2440 peregerunt
322 2401 511 2430 victoriam.
543 2402 615 2436 Qua
645 2403 787 2432 victoria
805 2407 899 2432 tanta
919 2408 949 2433 ct
974 2408 1041 2433 tam
1067 2408 1262 2443 opportuna
1286 2402 1445 2431 dominns
1466 2401 1578 2430 Ludo—

91 2451 185 2480 vicus
204 2451 346 2490 potitus,
366 2452 518 2481 collectis
540 2453 732 2482 occisorum
750 2453 892 2487 exuviis,
912 2453 1074 2483 victorem
1095 2454 1281 2483 exereitum
1297 2453 1336 2482 ad
1363 2452 1576 2481 obsidionem

90 2500 234 2530 reduxit.
271 2501 364 2529 Tunc
395 2502 570 2542 oppidani,
604 2503 764 2542 superbie
797 2508 829 2533 et
866 2503 1006 2533 audacie
1045 2504 1214 2533 sarcinam
1243 2503 1464 2544 deponentes,
1496 2513 1577 2539 erga

91 2550 255 2579 victorem
284 2551 409 2580 validis
440 2552 600 2591 precibus
631 2552 864 2588 obtinuerunt,
892 2553 1052 2594 deinceps
1087 2553 1250 2583 fidelitate
1274 2553 1401 2593 jurata,
1432 2557 1468 2581 ut
1501 2551 1578 2580 inde

91 2599 221 2630 exirent
239 2601 335 2629 salva
366 2601 446 2634 vita,
474 2602 589 2642 sieque
615 2602 698 2631 illud
719 2607 869 2632 castrum
893 2603 1025 2633 intransv
1045 2608 1072 2632 01
1095 2604 1158 2632 sibi
1181 2603 1340 2638 retinens,
1362 2602 1577 2631 Gan-landou-

92 2650 187 2679 sibus
208 2650 372 2680 fratribus
392 2652 566 2681 commisit
582 2652 858 2683 custodiendum.

130 2715 480 2750 Qu‹›.x1on‹›n‹›.x11xus
493 2717 709 2754 Lunovuws,
725 2728 953 2749 1³1Liusnffl21s
967 2720 1132 2754 Fnsxcnz,
1149 2720 1390 2750 111111111011011.
1406 2727 1573 2748 nouixmi

93 2766 230 2795 §.mern
249 2768 396 2798 Sevi-zar,
418 2776 648 2799 ifflnfflimvi'r,
668 2777 711 2798 Er
730 2778 891 2799 ‹xixs'rnuiu
913 2779 1027 2799 umus
1049 2780 1159 2799 1111011.
1177 2770 1224 2803 (P.
1243 2768 1369 2809 tin-237.)
