1846 3184
203 192 239 219 ,311
877 189 1018 220 SUGER

206 269 423 314 similiter,
451 268 657 308 loricatus
684 267 758 308 sed
784 275 980 324 capatus,
1007 283 1101 308 cum
1132 267 1442 324 proditorumy
1462 269 1684 326 manipulo

205 336 409 377 convenit
431 345 473 376 ct
495 336 597 376 dum
631 335 698 375 alii
733 335 938 380 orationi,
969 336 1063 391 ipse
1089 334 1324 392 aliquando
1350 351 1473 376 orare
1496 336 1683 392 fingens,

205 420 289 460 quo
333 403 514 444 intraret
558 403 611 443 ad
655 402 901 445 Guidonem
947 402 1147 459 ingressu
1186 402 1459 459 speculatus,
1506 421 1556 444 eo
1601 421 1685 461 quo

205 471 349 511 (luido
375 472 488 511 ostio
511 471 675 512 intrare
698 470 928 512 ecclesiam
958 470 1219 520 maturabat,
1249 470 1422 527 irrupit,
1449 480 1687 528 exertoque

204 538 368 594 gladio,
405 554 501 579 cum
532 537 815 596 nequissimis
842 537 973 578 sociis
998 537 1173 594 propria
1198 537 1430 594 iniquitate
1451 539 1687 580 dcbaeatus

207 605 308 646 l'urit
326 617 358 655 2,
382 606 726 662 imprudentem,
752 614 794 646 et
815 604 847 645 si
873 621 956 644 non
980 605 1165 645 sentiret
1182 604 1376 662 gladium
1401 606 1683 655 arridentem,

204 672 408 729 percutit,
452 681 611 713 mactat
656 682 698 713 et
743 672 902 729 perdit.
950 671 1076 724 Quod
1120 672 1281 712 nobilis
1317 672 1455 729 ipsius
1498 675 1688 729 conjunx

206 740 409 789 videns1,
436 740 626 797 stupida,
658 756 793 798 genas
822 748 864 780 et
888 739 1072 796 capillos
1099 739 1300 780 muliebri
1335 739 1502 780 ultione
1529 740 1686 781 dilace-

206 824 321 855 rans,
354 807 406 847 ad
439 807 639 849 maritum
670 807 821 853 currit,
848 816 1032 847 mortem
1066 824 1153 847 non
1186 823 1360 857 curans,
1389 807 1531 864 seipsa
1558 825 1688 865 super

204 891 301 915 eum
331 891 539 916 corruens
574 875 717 933 operit
759 893 765 915 τ
799 894 818 914 «
856 877 942 926 Me,
976 875 1197 932 inquiens,
1228 892 1293 916 me
1322 875 1524 916 miseram
1554 885 1596 916 et
1626 876 1686 917 sic

206 961 225 981 «
264 942 370 983 mori
398 944 596 983 meritam
622 943 821 1000 potius“,
849 942 1049 983 vilissimi
1077 943 1322 994 carnifices,
1351 943 1624 984 detruncate.
1666 962 1685 983 1)

206 1012 408 1067 letusque
437 1018 480 1051 et
503 1011 682 1051 vulnera
711 1010 1022 1068 gladiatorum,
1062 1010 1216 1051 marito
1246 1011 1536 1067 superposita,
1576 1010 1687 1052 exci-

203 1076 329 1132 piens
370 1094 376 1117 :
419 1095 439 1115 «
477 1077 592 1130 Quid
626 1078 669 1118 in
711 1077 877 1129 istosb,
921 1077 1164 1129 carissime,
1205 1078 1455 1135 deliquisti,
1494 1079 1688 1135 sponsesJ

205 1163 224 1181 «
262 1145 418 1185 Nonne
440 1154 482 1185 ct
502 1161 639 1202 gener
661 1154 704 1187 et
726 1161 851 1186 socer
873 1145 998 1186 amici
1023 1145 1356 1187 indissolubiles
1384 1147 1514 1187 eratis
1536 1147 1552 1186 ἶ)
1575 1149 1688 1199 Que-

207 1228 227 1250 «
264 1227 362 1251 nam
396 1220 463 1253 est
504 1212 704 1253 insania?
739 1212 862 1254 Pleni
899 1213 1003 1254 estis
1037 1214 1193 1254 mania.
1236 1232 1255 1253 »
1299 1216 1436 1266 Quam
1477 1230 1572 1254 cum
1611 1230 1690 1271 per

205 1279 387 1335 capillos
425 1288 733 1337 retorquentes
769 1280 1071 1338 digladiatam,
1111 1290 1351 1338 punetamc
1384 1289 1424 1322 ct
1455 1297 1566 1338 pene
1597 1289 1689 1322 toto

206 1362 391 1403 corpore
418 1364 559 1389 cesam
580 1348 862 1399 avulsissent,
884 1348 1024 1390 virum
1054 1357 1193 1389 morte
1221 1350 1473 1406 turpissima
1497 1365 1689 1406 pereme-

207 1423 331 1465 runt,
365 1415 554 1457 infantes
601 1433 710 1474 quos
756 1416 1020 1457 invenerunt
1063 1416 1310 1457 Herodiana
1345 1416 1542 1473 nequitia
1586 1432 1690 1473 rupe

206 1481 354 1523 allisos
383 1483 677 1525 extinxerunt.
721 1485 919 1541 Cumque
954 1485 1034 1525 hac
1067 1492 1109 1524 et
1141 1484 1239 1525 illac
1274 1485 1529 1526 frendentes
1562 1484 1690 1525 deba-

206 1551 458 1602 charentur,
491 1551 646 1608 supina
681 1552 855 1602 mulier,
894 1552 1043 1592 levans
1072 1553 1278 1593 miserum
1307 1560 1453 1609 caput,
1486 1561 1689 1592 truncum

205 1617 406 1658 maritum
432 1619 737 1677 recognoscit,
766 1636 912 1660 amore
942 1627 1082 1676 rapta,
1114 1636 1196 1677 qua
1227 1620 1372 1677 potuit
1400 1619 1687 1677 impotencia,

206 1702 389 1742 serpeus
424 1703 544 1728 more
586 1686 865 1744 serpentisd,
911 1704 955 1728 se
993 1695 1128 1729 totam
1166 1687 1450 1746 sanguineam
1488 1696 1689 1729 contrec-

205 1763 302 1794 tans
321 1765 353 1803 θ,
386 1755 438 1796 ad
468 1755 653 1796 cadaver
677 1755 875 1796 exanime
904 1755 1097 1807 devenit,
1131 1764 1173 1797 et
1197 1772 1474 1813 quecumque
1499 1764 1687 1813 poterat,

206 1837 254 1862 ac
280 1822 312 1862 si
335 1821 447 1873 vivo,
473 1823 621 1864 0501113
639 1823 889 1881 gratissima
912 1823 1169 1882 porrigebat
1193 1832 1236 1864 et
1256 1824 1431 1882 lugubri
1455 1839 1690 1881 erumpens

207 1890 440 1941 cantilena,
464 1907 547 1948 qua
573 1900 748 1948 poterat
766 1892 975 1949 lugubres
1001 1892 1256 1949 persolvens
1278 1891 1470 1944 inferias,
1497 1892 1654 1933 clamat
1680 1908 1687 1932 :

207 1974 228 1996 «
266 1958 381 2010 Quid
401 1957 560 2015 reliqui
583 1958 715 1999 michi
739 1958 860 2008 facis,
886 1958 1110 2000 carissime
1128 1959 1546 2017 sponsePNunquid
1569 1960 1690 2000 shoc

209 2043 229 2063 ι(
268 2025 426 2066 meruit
452 2028 575 2082 juxta
603 2043 670 2067 me
702 2035 774 2067 tua
804 2026 1090 2084 predicabilis
1131 2027 1436 2068 continentia?
1467 2026 1691 2085 Numquid

209 2109 229 2130 <s
266 2094 349 2134 hoc
381 2094 650 2151 comparavit
681 2094 834 2151 patris,
872 2095 935 2135 avi
967 2104 1007 2136 et
1039 2096 1201 2136 atthavi
1232 2095 1434 2152 deposita
1462 2095 1692 2153 nequitia?

247 2269 281 2296 y.
308 2256 483 2297 proditore
500 2257 535 2286 F.

248 2311 276 2328 z.
303 2298 366 2328 suit
384 2299 419 2328 F.

249 2352 282 2369 a.
307 2339 422 2379 potius
441 2338 532 2368 deest
550 2339 584 2369 F.

250 2381 280 2410 b.
308 2381 355 2410 ait
372 2380 453 2410 add.
472 2380 510 2411 G.

248 2433 274 2451 c.
301 2425 465 2462 punctam
485 2421 575 2450 deest
592 2422 629 2457 E,
649 2422 690 2457 F;
708 2427 875 2462 punntam
895 2424 918 2453 A
934 2433 939 2457 ;
956 2422 1137 2463 punnitam
1152 2422 1189 2452 B.

250 2464 283 2493 d.
310 2474 403 2492 more
422 2463 591 2503 serpentis
610 2463 701 2491 deest
719 2464 757 2494 G.

249 2515 276 2534 e.
303 2508 531 2544 contorquens
551 2504 587 2533 B.

248 2547 272 2586 fi
301 2556 476 2585 nunquam
490 2544 513 2574 F
529 2545 571 2574 [cz
589 2550 618 2575 et
629 2544 707 2585 plns
726 2545 805 2576 [oin.

251 2675 277 2704 1.
307 2675 413 2705 Toute
433 2676 467 2705 13
483 2676 581 2705 se'enc
599 2676 656 2716 qui
675 2677 743 2706 suit
766 2681 816 2706 est
839 2677 1068 2707 evidemmcnt
1092 2676 1175 2706 tiri-c
1193 2687 1257 2716 par
1282 2676 1391 2716 Suger
1414 2676 1454 2705 de
1481 2686 1539 2704 son
1565 2685 1691 2715 propre

212 2716 310 2745 fonds
327 2727 332 2751 ;
352 2717 384 2745 13
404 2716 488 2746 mise.
506 2728 545 2746 cn
565 2719 663 2747 sc‘cue
680 2722 731 2747 est
749 2718 925 2748 d'ailleurs
944 2730 1039 2748 assez
1060 2718 1288 2758 dramatique,
1310 2717 1441 2757 malgre
1460 2717 1493 2746 13
1515 2716 1690 2746 mauvaise

211 2757 338 2798 qualite
357 2758 400 2786 du
421 2757 517 2796 style.
