1846 3184
244 161 298 193 142
757 156 895 187 TABLE
919 156 974 186 ET
999 151 1210 186 EXTRAITS

282 239 331 269 DE
347 245 542 268 ELECTIONE
560 235 707 265 Summa
725 242 872 263 ABBATIS
891 233 1021 263 SANcri
1040 232 1213 262 Dmxrsu.
1231 230 1437 272 <Vm-lantes,
1454 241 1487 271 p.
1507 230 1626 271 ξῆν-99.)

283 313 331 342 DE
351 320 435 342 rAfflz
455 318 563 339 FACTA
582 318 688 338 INTER
707 308 884 338 IMPERmM
902 316 945 337 ET
967 315 1217 336 SACERDOTXUM
1238 315 1303 336 I’RO
1323 313 1569 335 INVEsTJTmuS
1592 312 1719 334 ECCLE-

243 371 387 392 SIARUM.

282 430 330 459 DE
349 429 505 458 Suc-nino
523 436 659 457 AimATE
680 427 810 456 SANcri
830 426 1004 455 D10Nrs11.

281 504 318 532 In
340 502 416 542 ipso
437 500 582 531 coneilio
606 500 764 530 interfuit
787 497 996 530 venerabilis
1024 497 1131 527 abbas
1155 497 1333 538 Sugerius,
1354 496 1410 537 qui
1428 507 1490 537 per
1516 507 1573 526 sex
1591 505 1724 525 menses

241 564 317 582 cum
335 551 472 582 domino
490 562 581 592 papa
600 561 752 587 manens,
770 561 847 580 cum
865 547 1137 579 confirmationis
1163 558 1221 577 sue
1238 547 1421 587 epistolam
1442 547 1674 587 impetrasset,
1694 550 1727 575 et

241 602 407 634 orationis
431 613 534 631 causa
571 600 796 642 frequentatis
823 600 1040 630 diversorum
1071 602 1268 628 sanctorum
1298 597 1400 633 locis,
1428 597 1588 627 videlicet
1611 595 1727 626 Sancti

240 652 415 684 Benedicti
445 651 592 687 Cassini,
622 651 737 681 Sancti
768 648 1001 680 Bartholomei
1030 647 1232 684 Beneventi,
1265 647 1381 677 Sancti
1408 646 1548 677 Matthei
1573 645 1725 681 Salerni,

242 703 357 735 Sancti
382 702 547 743 Nycholai
570 702 650 731 Bari
677 706 710 731 et
732 702 937 731 Sanctorum
955 699 1165 739 Angelorum
1189 699 1353 740 Gargani,
1380 698 1447 728 Deo
1466 697 1658 738 opitulante
1685 695 1728 725 ad

241 754 422 785 cenobium
439 764 537 783 suum
553 751 729 788 remeavit,
748 756 781 781 et
792 755 871 781 tunc
892 761 953 791 per
971 749 1179 779 industriam
1198 760 1295 779 suam
1307 753 1339 779 et
1356 749 1399 778 ad
1413 752 1609 778 sanctorum
1625 750 1657 776 et
1675 745 1727 776 sui

242 805 404 835 honorem
432 803 588 833 ordinem
608 806 723 832 sancte
746 801 927 842 religionis
951 799 1163 830 reformavit.
1188 801 1294 829 Antea
1312 809 1459 839 namque
1484 809 1546 838 per
1563 797 1729 828 abbatum

242 853 502 895 negligentiam,
525 853 581 893 qui
598 857 675 882 ante
694 853 809 893 ipsum
828 852 973 888 fuerant,
993 855 1024 880 et
1042 850 1270 891 quorumdam
1287 849 1382 879 illius
1400 848 1599 879 monasterii
1616 857 1731 877 mona-

242 905 396 940 chorum,
413 903 585 944 regularis
602 902 775 932 institutio
793 902 841 931 ita
859 902 901 931 ab
926 901 1044 931 eodem
1071 901 1145 930 loco
1164 900 1297 940 abjecta
1317 901 1438 935 fuerat,
1461 898 1552 940 quod
1575 898 1631 928 vix
1651 908 1730 938 spe-

243 955 329 985 ciem
344 953 524 994 religionis
540 952 699 982 monachi
713 951 975 992 pretendebant.
996 952 1066 991 (Cp.
1089 961 1121 991 p.
1142 951 1263 980 99-100
1281 953 1311 980 ec
1328 950 1448 990 98-99.)

285 1029 333 1058 DE
349 1036 468 1058 MORTE
487 1026 632 1056 CALix‘rI
648 1034 734 1056 PAPE
748 1035 793 1055 ET
807 1034 1006 1056 ELECTIONE
1020 1025 1185 1055 Honoan.

284 1105 465 1141 QUOMODO
492 1111 695 1133 IMPERATOR
712 1110 859 1132 REGNUM
887 1102 1042 1131 FRANCIE
1064 1110 1260 1131 PHOPOSUIT
1290 1107 1506 1135 DEVASTARE,
1535 1108 1598 1129 SED
1624 1106 1729 1128 ILLUD

244 1165 391 1186 INGREDI
409 1164 479 1184 NON
495 1163 559 1185 EST
575 1162 699 1184 Ausus,

286 1230 370 1259 Ante
396 1226 526 1257 domini
552 1237 642 1267 pape
667 1226 791 1256 Calixti
819 1226 1010 1261 decessum,
1040 1224 1230 1265 imperator
1255 1225 1434 1260 Henricus,
1462 1223 1604 1254 collecto
1629 1222 1732 1262 longo

245 1278 351 1309 animi
375 1288 517 1308 rancore
547 1280 667 1306 contra
695 1275 874 1306 dominum
897 1286 1014 1315 regem
1038 1275 1259 1311 Ludovicum,
1288 1285 1325 1305 eo
1353 1274 1443 1315 quod
1468 1275 1501 1304 in
1527 1285 1633 1315 regno
1659 1273 1732 1313 ejus

245 1328 360 1360 Remis
386 1328 421 1358 in
453 1327 597 1358 concilio
624 1326 754 1356 domini
784 1326 908 1356 Calixti
936 1326 1153 1356 anathemate
1182 1326 1367 1356 innodatus
1399 1327 1521 1362 suerat,
1554 1324 1734 1355 Franciam

246 1379 438 1420 inquietare
455 1383 487 1408 et
502 1378 682 1408 devastare
701 1376 863 1407 decrevit.
884 1376 1079 1406 Exercitum
1104 1376 1211 1416 igitur
1239 1380 1552 1417 quantumcumque
1569 1380 1683 1417 potest
1703 1380 1735 1405 et

247 1431 316 1460 fere
342 1427 630 1458 innumerabilem
653 1426 955 1466 Lotharingorum,
987 1426 1242 1461 Alemanorum,
1276 1426 1564 1461 Bohemanorum,
1589 1427 1734 1455 Austra—

248 1479 389 1514 siorum,
410 1477 661 1513 Baioariorum,
687 1477 879 1506 Suevorum
904 1480 936 1506 et
964 1476 1148 1511 Saxonum,
1174 1476 1254 1506 licet
1277 1476 1325 1506 eis
1343 1476 1577 1512 infestaretur,
1596 1475 1735 1516 collegit

248 1529 383 1569 alioque
402 1527 540 1557 tendere
557 1527 725 1556 simulans
741 1530 779 1556 ut
795 1525 929 1556 invasio
948 1530 1109 1566 ageretur
1127 1525 1304 1562 secretius,
1326 1526 1469 1556 consilio
1491 1526 1584 1566 regis
1605 1525 1734 1566 Anglo—

247 1589 325 1608 rum
342 1577 492 1613 Henrici,
514 1576 612 1617 cujus
634 1576 743 1606 filiam
766 1575 923 1616 reginam
946 1576 1101 1611 duxerat,
1123 1576 1180 1616 qui
1200 1575 1304 1606 etiam
1327 1576 1401 1616 regi
1423 1586 1585 1616 guerram
1610 1575 1735 1605 insere-

248 1629 318 1664 bat,
360 1627 474 1658 Remis
507 1626 683 1657 civitatem
722 1625 865 1666 aggredi
902 1625 1077 1666 inopinate
1108 1625 1238 1655 statuit.
1279 1626 1511 1666 Proposuerat
1539 1625 1630 1656 enim
1662 1636 1737 1655 eam

248 1677 424 1707 destruere
444 1676 592 1717 penitus,
612 1680 671 1706 aut
688 1680 784 1706 tanta
798 1674 1079 1706 dehonestatione
1097 1679 1129 1705 et
1143 1675 1370 1716 oppressione
1387 1675 1561 1706 civitatem
1578 1674 1737 1705 obsidere

249 1731 377 1767 quanta
407 1726 566 1756 dominus
597 1736 689 1766 papa
713 1725 747 1755 in
780 1736 857 1755 eum
883 1736 989 1766 agens
1021 1725 1109 1755 sedit
1140 1724 1302 1762 sessione,
1334 1729 1367 1755 et
1394 1724 1473 1755 inde
1501 1735 1563 1765 per
1592 1735 1738 1765 regnum

248 1776 424 1807 hostiliter
446 1775 663 1806 debacchari.
689 1775 787 1811 Quod
806 1786 883 1805 cum
901 1774 1039 1805 domino
1059 1774 1132 1815 regi
1151 1774 1324 1804 Ludovico
1347 1774 1546 1804 intimorum
1571 1773 1737 1804 relatione

251 1826 471 1864 innotuisset,
491 1826 624 1856 nobiles
646 1825 743 1865 regni
770 1824 919 1861 asciscit,
941 1835 1079 1855 causam
1103 1824 1252 1865 exponit,
1273 1824 1417 1864 inquirit
1435 1823 1612 1865 quidinde
1630 1834 1737 1865 agen-

250 1876 332 1906 dum
351 1880 452 1906 esset.
473 1875 523 1906 Ibi
541 1876 623 1905 dum
638 1875 732 1905 varie
750 1875 839 1905 varii
857 1874 1092 1915 opinarentur,
1112 1879 1144 1904 et
1161 1874 1268 1915 aliqui
1286 1874 1402 1904 hostes
1418 1873 1562 1914 dignum
1576 1874 1739 1904 ducerent

251 1926 449 1967 prestolari,
467 1926 618 1955 dieentes
637 1936 693 1955 eos
712 1925 746 1954 in
763 1924 861 1966 regni
890 1925 1002 1954 medio
1022 1924 1157 1954 facilius
1172 1923 1431 1964 expugnandos,
1448 1923 1506 1953 alii
1524 1923 1626 1953 villas
1641 1923 1739 1964 regni

252 1976 383 2006 murari
400 1980 433 2005 et
449 1976 578 2016 oppida
602 1975 782 2016 pugilibus
801 1975 927 2005 muniri
946 1975 1091 2015 dignum
1113 1974 1286 2011 ducerent,
1313 1985 1371 2004 rex
1397 1973 1620 2003 Teutonicam
1640 1984 1739 2014 rapa-

251 2027 391 2056 citatem
433 2026 623 2056 abhorrens
658 2030 691 2055 et
725 2025 889 2055 damnum
924 2024 1171 2065 irreparabile,
1216 2024 1245 2054 si
1282 2024 1564 2064 permitterentur
1604 2022 1739 2064 ingredi

253 2078 473 2119 spatiumque
504 2077 638 2106 deesset
666 2075 842 2106 muniendi
866 2075 1024 2106 civitates
1051 2079 1083 2105 et
1112 2075 1241 2115 oppida
1272 2085 1277 2104 ;
1308 2086 1323 2105 ((
1346 2075 1419 2105 Non
1441 2074 1500 2110 sic,
1526 2073 1648 2115 inquit,
1681 2073 1739 2103 sed

252 2128 424 2158 delectum
447 2126 631 2156 militarem
660 2126 732 2156 sine
758 2137 855 2156 mora
882 2125 1115 2165 colligendum
1144 2135 1276 2161 censeo,
1305 2128 1338 2154 et
1360 2124 1395 2154 in
1420 2128 1570 2154 extremo
1593 2123 1740 2153 termino

253 2177 351 2218 regni
372 2176 480 2207 nostri
505 2177 579 2206 loco
601 2176 690 2206 muri
709 2175 917 2205 validissimi
933 2175 1150 2205 adversarios
1167 2174 1338 2215 expectari
1356 2174 1441 2215 pede
1459 2174 1536 2204 fixo.
1563 2184 1577 2202 ν)
1605 2173 1740 2203 Dictum

254 2227 346 2268 regis
361 2227 606 2258 assistentibus
622 2227 764 2267 placuit,
781 2231 814 2256 et
831 2226 994 2267 quoniam
1008 2225 1099 2255 idem
1117 2236 1175 2255 rex
1188 2225 1327 2255 beatum
1342 2224 1544 2264 Dionysium
1556 2223 1741 2263 specialem

254 2283 439 2318 patronum
454 2282 487 2307 et
502 2277 716 2318 singularem
733 2281 812 2317 post
835 2277 940 2306 Deum
963 2276 1059 2316 regni
1077 2279 1308 2316 protectorem
1322 2279 1354 2305 et
1372 2274 1560 2304 multorum
1574 2273 1740 2303 relatione

255 2333 287 2358 et
307 2328 428 2358 crebro
447 2332 656 2368 cognoverat
674 2327 918 2368 experimento,
944 2326 986 2356 ad
1005 2326 1186 2356 ecclesiam
1204 2325 1315 2366 ipsius
1339 2324 1560 2356 devotissime
1582 2323 1739 2360 accessit,

255 2378 407 2409 evocatis
425 2378 502 2407 inde
518 2388 596 2407 cum
613 2378 737 2407 abbate
757 2377 911 2417 ejusdem
928 2376 1128 2406 monasterii
1155 2375 1300 2416 Sugerio
1317 2374 1502 2415 religiosis,
1523 2379 1554 2404 et
1580 2373 1615 2404 in
1639 2373 1740 2414 pleno

256 2428 408 2468 capitulo
427 2438 568 2457 causam
588 2427 685 2467 regni
703 2438 822 2457 eorum
844 2426 1016 2456 devotioni
1035 2426 1290 2461 commendans,
1316 2425 1401 2455 dixit
1425 2435 1459 2454 se
1486 2434 1580 2455 more
1606 2423 1741 2465 prisco-

256 2489 334 2509 rum
349 2489 470 2518 regum
488 2478 742 2507 auriflammam
759 2477 847 2507 velle
863 2487 996 2506 sumere
1014 2476 1057 2506 ab
1072 2476 1185 2514 altari,
1204 2475 1405 2505 affirmando
1423 2474 1513 2516 quod
1530 2473 1633 2515 hujus
1647 2470 1741 2514 baju-

257 2528 340 2559 latio
359 2529 401 2558 ad
423 2528 583 2558 comitem
608 2527 802 2557 Vulcassini
821 2526 862 2556 de
876 2526 952 2567 jure
978 2527 1167 2567 spectabat,
1196 2530 1229 2556 et
1251 2526 1341 2566 quod
1364 2525 1404 2555 de
1428 2525 1547 2555 eodem
1564 2523 1741 2560 comitatu,

257 2579 325 2609 nisi
339 2578 527 2608 auctoritas
551 2578 647 2618 regia
662 2577 859 2613 obsisteret,
880 2577 1020 2606 ecclesie
1039 2577 1240 2617 homagium
1257 2577 1365 2606 facere
1384 2575 1577 2605 tenebatur.
1596 2574 1677 2604 Inde
1699 2573 1742 2603 ad

258 2629 366 2659 altare
393 2628 560 2659 festinans
582 2628 726 2668 gloriosi
745 2627 920 2667 martyris,
943 2631 1012 2656 tam
1032 2627 1192 2667 precihus
1211 2637 1315 2667 quam
1332 2625 1506 2655 beneficiis
1520 2625 1637 2665 ipsum
1661 2633 1741 2664 pre-

258 2678 458 2709 cordialiter
481 2678 600 2718 pulsat
625 2682 662 2707 ut
689 2688 835 2718 reguum
858 2677 1029 2713 defendat,
1056 2687 1241 2717 personam
1263 2680 1450 2715 conservet,
1471 2675 1629 2705 hostibus
1648 2684 1741 2704 more

260 2729 362 2759 solito
393 2729 551 2766 resistat,
583 2733 616 2759 et
644 2728 807 2769 quoniam
833 2727 920 2758 hanc
941 2727 984 2758 ab
1008 2738 1046 2758 eo
1070 2727 1174 2758 habet
1199 2726 1456 2768 prerogativam
1481 2729 1519 2756 ut
1542 2725 1570 2755 si
1596 2734 1742 2766 reguum
