1846 3184
590 184 658 214 VlE
684 183 737 213 DE
763 182 891 212 LOUlS
918 182 967 212 LE
994 182 1105 213 GROS
1542 186 1578 215 b'l

95 276 174 300 nec
201 277 347 318 regem
371 264 639 303 Francorum
672 260 817 318 magni
843 259 1041 309 duceret,
1069 259 1390 301 nobilissimam
1414 263 1580 302 Carno-

95 334 261 369 tensem
299 329 565 370 comitissam
581 329 641 357 ¹⁴²¹
685 344 782 369 eum
821 326 910 367 filio
953 327 1234 377 Theobaldo,
1280 328 1580 385 pulcherrimo

88 396 248 450 juvene
283 405 325 437 et
356 396 486 437 armis
516 405 695 437 strenuo
711 407 749 445 -Γ,
780 411 1032 452 aggressus,
1074 404 1233 436 terram
1263 413 1412 438 eorum
1444 413 1581 453 usqne

93 463 330 504 Carnutum
382 463 680 521 depopulans,
728 461 893 519 rapinis
947 471 990 503 et
1041 462 1259 503 incendiis
1313 464 1577 521 exponebat.

91 530 261 572 Nobilis
288 548 390 572 vero
423 530 647 573 eomitissa
682 547 779 572 cum
819 530 909 571 filio
943 529 1199 587 aliquando,
1240 530 1344 572 lieet
1380 532 1502 573 tarde
1540 540 1583 573 et

90 596 461 649 insufficientem,
494 607 625 656 prout
657 607 846 656 poterat,
886 597 1038 639 ulcisci
1069 597 1314 650 nitebatur,
1343 615 1580 657 numquam

88 673 234 706 tamen
260 674 332 707 aut
361 666 429 707 vix
457 666 641 708 Puteolo
669 683 689 706 a
722 664 967 706 miliaribus
1001 673 1101 706 octo
1128 681 1203 706 seu
1234 665 1386 707 decem
1419 683 1580 724 appro-

88 733 364 791 pinquabant
382 736 413 775 ⁵2.
443 737 579 776 Tanta
604 742 697 775 erat
718 733 917 792 Ilugonis
941 732 1138 785 audacia,
1167 741 1287 774 tanta
1316 734 1579 791 potestative

89 803 294 859 superbie
319 805 583 861 suppetebat
604 803 803 854 facultas,
830 810 877 843 ut
897 818 995 843 eum
1018 801 1144 859 pauci
1172 801 1428 860 diligerent,
1456 803 1578 844 multi

90 869 320 921 servirent,
362 888 460 912 cum
506 870 629 913 multi
677 871 730 912 ad
774 869 1101 921 defensionem,
1147 870 1460 928 quampluresss
1496 871 1578 929 ipsi

87 937 216 978 etiam
249 938 301 979 ad
339 939 687 981 destructionem
719 938 972 987 anelarent,
1017 938 1154 995 magis
1193 939 1309 979 enim
1342 937 1581 980 timebatur

86 1021 215 1061 quam
256 1008 494 1047 amabatur.
538 1008 645 1049 Cum
684 1015 827 1048 autem
867 1023 1014 1047 comes
1055 1006 1250 1063 prefatus
1296 1007 1579 1048 Theobaldus

84 1088 164 1128 per
198 1090 243 1115 se
280 1091 450 1131 parum,
492 1092 571 1132 per
602 1091 749 1133 regem
783 1075 966 1115 multum
1006 1074 1221 1131 proficere
1261 1073 1302 1114 in
1346 1076 1576 1132 llugonem

84 1142 397 1198 perpenderet,
431 1159 528 1184 eum
558 1142 834 1184 nobilissima
865 1151 1016 1194 matre,
1049 1159 1133 1200 que
1168 1158 1343 1199 semper
1367 1142 1578 1184 nobiliter

85 1210 177 1266 regi
215 1210 376 1252 servire
411 1219 716 1262 consueverat,
757 1211 809 1252 ad
845 1227 942 1252 eum
982 1211 1214 1261 accelerat,
1256 1219 1302 1252 ut
1335 1210 1578 1268 opituletur

85 1277 231 1318 multis
260 1277 466 1335 precibus
497 1278 659 1336 pulsat,
694 1278 830 1319 multo
866 1277 1044 1319 servitio
1078 1280 1170 1335 ejus
1201 1295 1329 1335 opem
1362 1278 1575 1320 meruisse

85 1354 376 1401 representat,
417 1346 651 1405 [lugonisa
693 1346 906 1403 quedam,
944 1346 1104 1403 patris,
1150 1347 1215 1387 avi
1250 1354 1293 1387 et
1333 1354 1574 1388 attavorum

83 1414 323 1470 opprobria
363 1423 559 1473 reportat
597 1433 603 1455 :
639 1434 659 1454 «
696 1416 958 1465 Memorare,
999 1414 1222 1472 inquiens,
1261 1414 1439 1455 domine
1477 1431 1572 1466 rex,

84 1498 103 1519 a
142 1480 255 1523 sieut
287 1482 416 1524 decet
455 1482 618 1541 regiam
658 1484 948 1539 majestatem,
982 1481 1213 1539 opprobrii
1246 1490 1289 1524 et
1321 1482 1571 1533 dedecoris,

84 1567 102 1587 «
140 1550 258 1606 quod
302 1566 404 1591 avus
448 1551 646 1609 Hugonis
687 1552 799 1608 patri
846 1559 920 1591 tuo
957 1550 1176 1607 phylippo
1218 1550 1343 1591 sedus
1378 1550 1573 1607 perjurio

83 1634 103 1655 «
142 1616 305 1669 intulit,
341 1635 438 1659 cum
469 1635 566 1660 eum
586 1618 603 1647 b
628 1619 787 1659 multas
818 1618 961 1659 illatas
988 1617 1171 1674 injurias
1197 1617 1351 1659 ulcisci
1374 1617 1571 1659 inniten-

83 1703 102 1723 «
139 1693 226 1726 tem
254 1702 275 1726 a
298 1687 481 1727 Puteolo
503 1686 691 1743 turpiter
714 1686 922 1743 reppulit,
949 1686 1061 1727 fastu
1086 1685 1356 1743 nequissime
1378 1702 1568 1727 consan-

82 1770 102 1792 «
139 1753 384 1810 guinitatis,
422 1754 600 1795 factiose
631 1752 975 1811 conspirationis
1015 1754 1255 1795 exereitum
1297 1755 1389 1809 ejus
1430 1770 1570 1811 usque

82 1839 102 1859 «
139 1821 421 1863 Aurelianum
448 1822 627 1880 fugavit,
655 1830 832 1879 captum
862 1821 1067 1863 comitem
1093 1821 1428 1872 Nivernensem,
1457 1824 1570 1863 Lan-

81 1907 100 1927 «
138 1890 328 1931 eelinum
352 1890 817 1949 Baugienciaeensem,
843 1890 1003 1932 milites
1027 1906 1140 1948 pene
1163 1898 1357 1941 eentum,
1383 1898 1426 1931 et
1450 1891 1568 1948 quod

79 1976 98 1994 «
130 1958 343 2000 haetenus
368 1958 612 2000 inauditum
641 1967 749 2010 erat,
781 1959 1015 2016 episcopos
1042 1958 1255 2016 quosdam
1283 1974 1459 2000 earcere
1489 1975 1566 2000 suo

79 2044 98 2063 «
135 2025 443 2067 dehonestavit
463 2028 491 2068 3.
519 2046 536 2065 »
566 2027 769 2068 Addebat
792 2026 921 2068 etiam
952 2026 1283 2084 improperando
1306 2042 1389 2084 qua
1419 2043 1565 2078 causa,

117 2148 157 2166 w.
184 2147 337 2167 sororem
354 2138 445 2178 regis
461 2138 582 2178 Anglic
602 2138 739 2167 Hem-ici
758 2138 792 2167 F.

115 2189 149 2207 .·(·.
175 2178 389 2213 Carnotensi‚
407 2179 555 2209 Dum—nsi
576 2179 778 2220 Briensique
795 2184 875 2209 tunc
894 2179 1016 2209 comite
1033 2178 1188 2218 palatino
1210 2179 1243 2208 F.

115 2230 150 2259 ‘11-
176 2220 272 2249 turde
291 2224 323 2250 et
344 2231 409 2250 non
427 2221 634 2261 competenti
654 2221 753 2261 eopia
772 2221 932 2261 pugilum
952 2221 985 2250 F.

116 2273 143 2290 z.
170 2262 366 2301 complures
381 2262 483 2292 etiam
502 2263 534 2292 F.

117 2313 149 2332 α.
179 2303 303 2343 prefati
323 2304 477 2343 Hugonis
498 2304 531 2333 F.

117 2343 147 2373 b.
173 2355 250 2374 eum
270 2344 359 2374 enim
378 2345 413 2374 F.

115 2468 143 2497 ’1.
169 2468 281 2504 Ad'ele,
303 2468 372 2498 fille
390 2469 430 2497 de
450 2469 644 2499 Guillaume
670 2469 945 2509 leConqiiera11t‚
964 2480 1055 2498 soenr
1070 2467 1208 2498 d'Henri
1228 2467 1423 2497 Bcanclere.

114 2511 142 2538 2.
169 2509 212 2539 Le
230 2510 346 2540 Puiset
361 2517 412 2540 est
429 2513 448 2539 ’ξι
469 2511 501 2539 11
523 2511 629 2540 lienes
648 2511 688 2540 de
704 2510 878 2540 Charo-es.

114 2552 142 2580 2³3.
169 2551 261 2581 [lette
284 2562 405 2589 guerre
433 2555 527 2581 entre
553 2553 691 2591 Ungues
715 2552 765 2587 10‘,
792 2552 953 2592 seigneur
975 2551 1019 2580 du
1044 2551 1171 2585 Puisot,
1196 2555 1225 2580 et
1252 2551 1282 2580 le
1307 2550 1356 2580 roi
1388 2549 1561 2590 philippe,

73 2591 150 2621 date
170 2592 210 2622 de
229 2593 318 2625 1080,
344 2593 480 2632 d'apres
499 2604 563 2623 une
581 2594 700 2623 charte
718 2593 855 2634 publice
876 2604 940 2633 par
958 2594 1108 2622 Maru-no
1129 2592 1239 2631 (Thes.
1263 2593 1515 2626 aner-(lotorum,
1537 2591 1561 2624 1,

72 2633 144 2674 241)
163 2638 195 2663 ct
213 2633 297 2663 citee
321 2645 384 2674 par
398 2635 441 2664 M.
461 2634 628 2668 d'Arbois,
651 2635 692 2669 ll,
713 2635 781 2664 ¹187.
801 2635 852 2664 On
867 2639 1027 2664 tronvera
1046 2646 1089 2663 un
1106 2634 1189 2664 revit
1206 2634 1246 2663 de
1265 2638 1351 2663 vetto
1367 2631 1561 2672 expedition

73 2675 158 2704 dans
184 2675 233 2704 les
260 2675 415 2705 Mirm-les
445 2677 485 2705 (le
509 2676 599 2706 saint
630 2677 748 2706 Benot'c
774 2676 839 2717 (ed.
869 2676 909 2705 de
937 2676 1085 2709 tlvrtain,
1115 2675 1280 2715 :zm-317).
1310 2675 1352 2704 Le
1382 2678 1491 2703 comte
1520 2673 1562 2702 de

73 2716 199 2746 Nevers
224 2717 298 2756 pris
325 2728 388 2757 par
414 2718 552 2758 Hugues
580 2718 623 2747 dn
650 2718 766 2747 puiset
789 2717 872 2747 ctait
897 2718 1091 2748 tluillaume
1122 2717 1179 2751 1⁰¹⁴:
1209 2716 1380 2756 l'eveque,
1400 2714 1562 2751 Geoffroi,

72 2760 199 2798 (Sveque
216 2758 410 2795 d'Auxerre,
428 2759 482 2789 fils
501 2759 545 2789 du
561 2763 670 2790 comte
691 2759 732 2789 de
750 2759 889 2795 Nevers,
909 2759 965 2799 qni
985 2759 1078 2789 avait
1095 2758 1182 2788 snivi
1199 2757 1336 2788 l'armee
1356 2756 1483 2797 royale.
