1846 3184
561 199 629 228 VlE
654 198 707 228 DE
731 197 860 227 LOUIS
884 198 936 227 LE
962 197 1073 228 GROS
1516 197 1552 224 97

81 294 354 320 communem
382 277 435 318 de
466 291 650 332 persona
679 282 828 315 nostra
852 273 984 331 pleno
1017 282 1233 315 conventu
1259 273 1414 315 factam
1439 272 1553 314 elec-

80 347 243 387 tionem
268 346 302 394 ¹‚
337 345 412 385 sed
439 345 539 401 quia
567 342 819 384 inconsulto
850 358 953 399 rege
982 342 1141 383 sactum
1167 341 1320 392 fuerat,
1353 339 1556 382 meliores

80 421 122 454 et
150 410 445 469 religiosiores
467 411 661 460 fratrum,
688 408 847 450 milites
871 408 1001 449 etiam
1025 407 1283 457 nobiliores,
1312 424 1409 449 cum
1434 408 1556 449 obtu-

80 479 235 520 lissent
276 478 453 518 domino
504 476 593 534 regi
640 475 902 517 electionem
955 484 1001 517 ut
1048 491 1273 516 assensum
1323 476 1555 533 preberet,

80 545 225 586 multis
249 544 428 586 affectos
444 556 463 584 ‘l
481 543 700 595 convitiis,
726 543 973 585 Aurelianis
997 542 1176 584 castello
1198 542 1393 584 inclusos
1412 558 1558 599 repor-

80 621 154 654 tat.
203 612 382 654 Obortis
420 611 567 669 itaque
606 611 814 663 lacrimis,
858 609 969 668 patri
1008 609 1194 666 spiritali
1237 618 1279 650 et
1316 609 1519 650 nutritori
1546 620 1562 638 r

80 696 175 722 meo
213 679 496 721 humanitatis
525 687 567 720 et
594 679 772 737 pietatis
809 677 967 719 affectu
1003 677 1294 735 compatiens,
1333 677 1386 718 de
1420 685 1558 718 morte

81 746 309 804 temporali
334 747 526 805 graviter
549 746 721 797 dolens,
746 763 768 787 a
796 753 1009 803 perpetua
1035 761 1132 788 eum
1157 744 1248 786 erui
1278 744 1558 786 devotissime

79 815 270 856 divinam
287 814 575 872 implorabam
592 813 966 872 propitiationem.
985 815 1094 855 Cum
1114 821 1256 854 autem
1270 821 1312 854 et
1325 812 1559 854 multorum

80 883 380 925 consolatione
407 882 614 924 comitum
638 890 681 924 et
702 882 795 939 ipsa
820 881 903 923 mei
935 880 1204 923 discretione
1228 881 1281 922 ad
1312 880 1524 938 meipsum
1546 891 1561 908 ³

82 950 310 1001 redissem,
339 950 502 1008 triplici
533 951 726 1009 angebar
756 949 1009 1007 dispendio,
1037 957 1181 993 utrum
1210 957 1361 990 eontra
1394 947 1561 991 domini

82 1019 197 1078 regis
235 1018 504 1059 voluntatem
546 1017 809 1060 electionem
849 1017 1113 1074 suscipiens,
1145 1017 1330 1058 ecclesie
1369 1018 1562 1059 Romane

83 1086 226 1144 rigore
251 1093 294 1126 et
320 1084 487 1126 domini
513 1101 625 1143 pape
658 1085 814 1127 Calixti
848 1084 922 1142 qui
949 1101 1016 1126 me
1046 1084 1260 1142 diligebat
1284 1083 1560 1133 auctoritate,

82 1161 263 1194 matrem
303 1152 534 1193 ecclesiam
576 1168 660 1209 que
701 1169 722 1192 a
768 1151 958 1193 mamilla
997 1151 1248 1209 gratissimo
1286 1150 1563 1192 liberalitatis

85 1237 159 1262 sue
191 1220 358 1279 gremio
391 1219 645 1262 dulcissime
679 1220 823 1261 fovere
851 1236 940 1261 non
972 1219 1218 1269 destiterat,
1251 1218 1495 1276 dilapidare
1525 1227 1567 1260 et

85 1304 321 1346 emungere
354 1295 541 1345 utroque
584 1286 871 1344 dissipatore,
910 1285 1143 1328 occasione
1177 1286 1287 1336 mei,
1322 1302 1419 1328 cum
1455 1302 1567 1327 nun-

86 1372 214 1413 quam
241 1355 326 1396 tale
355 1354 459 1412 quid
488 1354 771 1396 affectassent
794 1357 821 1404 ί,
851 1353 1142 1404 sustinerem,
1172 1362 1314 1396 utrum
1345 1353 1501 1394 fratres
1527 1361 1570 1394 et

88 1424 249 1465 amicos
289 1439 368 1480 pro
413 1438 558 1463 amore
598 1430 748 1463 nostro
783 1421 1007 1479 deturpari
1047 1429 1090 1462 et
1124 1420 1406 1463 dehonestari
1448 1419 1570 1479 regio

89 1507 262 1533 earcere
301 1490 628 1547 permitterem,
673 1497 819 1531 utrum
853 1488 982 1531 etiam
1022 1505 1101 1546 pro
1142 1489 1210 1530 his
1247 1496 1290 1530 et
1319 1488 1572 1545 hujusmodi

90 1569 220 1600 eamn
247 1565 539 1615 postponens,
570 1565 690 1598 tante
723 1556 1039 1614 improperium
1075 1556 1250 1613 repulse
1281 1555 1568 1598 incurrerem.

92 1628 288 1683 Cumque
310 1625 364 1666 de
392 1625 499 1666 meis
528 1625 717 1681 aliquem
743 1624 923 1666 domino
950 1640 1078 1681 pape,
1108 1632 1154 1665 ut
1176 1640 1308 1681 super
1329 1624 1396 1665 his
1419 1640 1573 1665 consu-

91 1695 223 1744 leret,
257 1692 481 1734 remittere
516 1692 834 1742 deliberarem,
875 1693 1019 1733 subito
1050 1691 1244 1735 occurrit
1275 1690 1402 1733 nobis
1446 1692 1574 1734 cleri-

94 1779 168 1804 cus
214 1777 434 1812 romanus,
479 1759 641 1802 nobilis
680 1768 723 1801 et
764 1759 1007 1811 familiaris,
1049 1759 1123 1817 qui
1159 1759 1277 1816 quod
1318 1768 1576 1817 sumptuoso

93 1830 243 1871 labore
279 1845 358 1886 per
385 1837 559 1870 nostros
594 1828 866 1879 volebamus,
905 1844 984 1885 per
1026 1826 1218 1884 seipsum
1257 1827 1398 1870 facere
1435 1827 1577 1869 votive

98 1898 306 1955 suscepit.
336 1895 620 1938 Premisimus
651 1894 779 1937 etiam
811 1895 866 1936 de
891 1894 1054 1938 nostris
1092 1911 1189 1937 cum
1218 1911 1269 1936 eo
1303 1895 1376 1952 qui
1400 1903 1581 1937 venerat

96 1966 149 2007 ad
183 1981 331 2023 regem
366 1980 515 2015 unum,
546 1972 593 2004 ut
631 1979 760 2020 quem
794 1962 924 2006 finem
950 1962 1114 2004 turbati
1135 1974 1151 1991 v
1178 1962 1345 2020 negotii
1380 1963 1580 2005 confusio

97 2032 365 2090 repperisset
386 2031 515 2073 nobis
535 2031 767 2081 ref,er1ent
787 2047 930 2088 neque
950 2030 1066 2072 enim
1092 2031 1267 2074 incaute
1288 2030 1403 2089 reois
1427 2031 1540 2072 moh.
1531 2048 1583 2072 s-

98 2100 170 2142 tiis
208 2116 286 2141 nos
324 2115 664 2172 exponeiemuS.
698 2099 1032 2156 Subsequentes
1066 2099 1229 2156 itaque,
1266 2097 1379 2141 sicut
1407 2098 1441 2140 si
1476 2099 1582 2140 mari

101 2184 260 2227 magno
301 2169 466 2225 absque
513 2166 677 2224 remige
725 2165 1056 2219 fluctuaiemus,
1103 2165 1289 2218 turbati,
1325 2166 1482 2208 incerti
1524 2166 1585 2208 rei

102 2244 282 2277 eventus
335 2252 431 2276 cum
477 2234 736 2293 gravissime
793 2235 1094 2285 anxiaremur,
1146 2234 1226 2276 Dei
1269 2234 1586 2292 omnipotentis

104 2303 224 2361 larga
246 2302 577 2360 propitiatione,
603 2302 774 2359 placida
799 2318 899 2344 aura
926 2303 1257 2360 naufragantem
1277 2319 1428 2344 navem
1452 2302 1587 2359 appli-

146 2419 176 2447 q.
203 2407 344 2437 afflictos
364 2408 401 2437 G.

146 2459 172 2479 r.
197 2448 351 2478 interiori
371 2449 404 2478 F.

145 2501 171 2519 s.
197 2489 238 2520 ad
256 2500 308 2519 me
328 2490 362 2519 F.

147 2534 169 2560 t.
194 2531 408 2561 affectassem
427 2530 462 2560 F.

150 2583 180 2601 u.
205 2583 307 2612 pro...
326 2583 401 2602 eam
416 2571 506 2602 deest
525 2572 562 2601 D.

152 2625 178 2642 ν.
203 2613 335 2642 turbari
353 2614 388 2643 E.

158 2696 185 2726 1.
212 2695 257 2725 La
275 2700 453 2726 1⁸·encontle
475 2701 569 2726 enne
595 2696 625 2726 le
645 2696 756 2726 moine
780 2696 820 2726 de
845 2697 959 2727 Saiut-
964 2697 1066 2728 Denis
1090 2701 1122 2726 et
1141 2697 1171 2726 le
1190 2696 1313 2727 nouvel
1338 2696 1424 2726 abbe
1447 2701 1505 2727 eut
1529 2696 1597 2727 lieu

117 2748 158 2767 en
167 2737 467 2808 bian(e101li)lt)laus
482 2737 511 2767 le
526 2738 609 2767 nord
631 2738 671 2767 de
690 2738 709 2767 l
715 2737 822 2774 ltalic
842 2748 900 2768 ear
917 2738 976 2768 des
992 2738 1021 2767 le
1040 2739 1077 2767 10
1092 2748 1135 2768 m·
1129 2749 1184 2767 xrs
1200 2738 1248 2767 les
1267 2748 1332 2768 xov
1336 2748 1459 2778 ageurs
1475 2739 1598 2770 etaient

115 2789 246 2808 armes
265 2789 284 2808 a
326 2789 342 2807 ι
395 2789 456 2808 ave
