1846 3184
641 141 698 172 DU
721 140 796 172 ROI
821 140 950 172 LOUIS
975 141 1034 171 Vll
1521 141 1578 171 173

94 222 221 263 turba
260 221 499 261 monachos
540 219 673 260 sacris
716 219 989 260 vestimentis
1036 217 1335 274 spoliaverunt
1377 226 1420 258 et
1456 234 1576 260 more

98 290 281 331 ferarum
314 304 398 346 que
430 288 539 329 fame
576 295 760 346 urgente
792 287 844 327 ad
878 286 1086 327 cadavera
1124 294 1409 337 concurrunt,
1446 286 1574 343 quin-

94 365 251 415 gentos
274 365 316 397 et
344 373 394 397 co
423 356 608 413 amplius
634 354 955 412 burgensiuma
983 354 1341 395 Cluniacensium
1367 354 1576 396 atrociter

97 426 209 466 sicut
239 441 340 465 oves
372 431 684 466 mactaverunt.
719 425 850 464 Fama
882 438 984 463 vero
1019 421 1136 462 illius
1172 421 1358 463 inauditi
1396 422 1576 464 sceleris

96 492 289 533 diversas
336 491 539 549 regiones
583 490 968 541 circumlustrans,
1027 490 1081 530 ad
1130 489 1337 530 noticiam
1390 490 1577 547 piissimi

97 559 212 617 regis
242 559 449 600 Ludovici
474 559 674 616 pervenit
692 560 719 609 ¹,
751 557 824 615 qui
850 565 1017 598 tantum
1040 556 1252 615 flagitium
1270 557 1287 585 b
1310 557 1354 598 in
1384 567 1578 599 sanctam

97 627 327 669 eeclesiam
361 627 616 684 gravissime
647 627 900 684 perferens,
935 625 987 666 ad
1019 624 1232 666 ultionem
1262 625 1576 667 nefandissime

98 695 234 737 cladis
260 696 517 736 exuberanti
541 696 707 736 fervore
730 693 869 736 sancti
900 693 1092 751 Spiritus
1116 693 1331 734 animatus
1355 703 1433 735 est.
1463 694 1578 748 Quid

97 764 258 821 plura?
294 763 611 805 Bellicosorum
640 763 1012 821 Francigenarum
1047 761 1306 803 fortissimas
1334 762 1578 821 phalanges

98 833 150 873 ad
195 847 239 872 se
272 832 407 889 regali
451 831 595 872 edicto
637 830 905 883 convocavit,
951 831 1109 888 quibus
1153 830 1327 871 fulcitus
1371 831 1579 872 adversus

98 899 346 957 predictum
386 899 605 940 tirannum
654 899 697 940 in
744 900 836 956 ejus
884 897 1303 940 exterminacionem
1342 898 1577 940 festinavit.

99 967 219 1008 Idem
248 975 389 1008 autem
414 966 708 1024 nequissimus
731 983 877 1008 comcs
901 965 1225 1015 Cabiloncnsis,
1257 966 1436 1025 cognito
1467 967 1582 1026 regis

99 1035 303 1086 adventu,
348 1036 613 1092 presentiam
645 1036 737 1090 ejus
759 1045 775 1062 ⁶
814 1051 900 1075 non
942 1034 1108 1075 audens
1140 1043 1393 1092 expectare,
1432 1035 1581 1076 relicta

97 1112 214 1144 terra
246 1119 336 1153 sua,
379 1103 590 1161 profugus
628 1103 749 1144 abiit.
788 1105 900 1144 Dum
937 1119 1039 1144 vcro
1069 1119 1158 1151 rex,
1194 1119 1346 1144 0·ressu
1388 1103 1580 1155 concito,

1192 1137 1216 1161 ο

98 1187 176 1229 per
216 1179 363 1228 partes
410 1170 713 1212 Cluniaeensis
759 1171 985 1228 provincie
1024 1180 1335 1222 transmearet,
1377 1172 1582 1213 mulieres

98 1238 201 1280 viris
227 1238 315 1280 suis
341 1239 531 1290 viduate,
556 1240 748 1296 virgines
777 1247 820 1280 et
842 1239 930 1280 nati
957 1239 1156 1297 patribus
1180 1240 1321 1281 orbati
1347 1241 1518 1281 obviam
1545 1240 1582 1281 ei

99 1314 425 1363 processerunt.
458 1307 592 1362 Cujus
619 1306 808 1363 pedibus
828 1306 1063 1363 provoluti,
1095 1306 1251 1348 flentes
1278 1315 1319 1348 et
1349 1308 1581 1364 ejulantes,

98 1374 275 1432 lugubri
314 1374 502 1415 elamore
535 1390 738 1415 erumnas
769 1390 867 1415 suas
899 1374 937 1415 ei
969 1375 1262 1416 ostenderunt
1297 1384 1340 1417 et
1374 1375 1585 1433 piissimis

98 1442 305 1499 precibus
331 1442 493 1500 regiam
527 1443 798 1498 majestatem
826 1451 1075 1493 exorantes,
1111 1451 1156 1484 ut
1184 1443 1246 1485 eis
1274 1461 1448 1486 manum
1478 1461 1584 1486 eon-

98 1509 183 1550 silii
221 1518 263 1550 et
291 1509 438 1551 auxilii
470 1510 817 1551 misericorditer
852 1511 1116 1569 porrigeret,
1153 1511 1398 1568 piissimum
1438 1529 1585 1571 regem

97 1586 326 1634 totumque
366 1578 606 1620 exercitum
653 1594 803 1619 eorum
843 1579 1166 1620 calamitatibus
1211 1580 1298 1621 fere
1348 1597 1487 1638 usquc
1535 1581 1587 1621 ad

98 1645 298 1687 lacrimas
346 1646 699 1704 compacientes,
749 1646 886 1705 magis
928 1664 975 1688 ac
1015 1649 1152 1706 magis
1197 1649 1248 1689 ad
1289 1648 1587 1705 perditionem

101 1715 312 1756 scelerate
347 1716 492 1772 gentis
533 1714 850 1756 animaverunt.
898 1717 989 1758 Nec
1039 1716 1219 1765 mirum,
1261 1716 1433 1759 videres
1471 1716 1586 1758 enim

101 1781 160 1823 ibi
185 1783 377 1840 pupillos
401 1783 543 1824 adhuc
568 1783 815 1840 pendentes
836 1784 888 1824 ad
915 1785 1050 1825 ubera
1073 1792 1273 1836 matrum,
1304 1785 1588 1843 virginiculas

100 1851 325 1908 plorantes
375 1860 415 1892 et
465 1859 651 1909 paterno
701 1851 858 1893 solatio
903 1869 947 1893 se
997 1852 1230 1894 destitutas
1280 1853 1590 1895 miserabiliter

101 1918 356 1969 clamantes,
390 1919 565 1960 audires
599 1926 738 1959 totum
767 1935 910 1960 acrem
939 1919 1158 1978 vagitibus
1195 1920 1434 1962 infancium
1469 1937 1589 1962 reso-

100 1994 293 2027 nantem.
338 1988 401 2029 Nc
440 1987 615 2045 longius
652 1988 783 2028 verba
823 1989 1154 2044 protrahantur,
1200 2004 1274 2029 rex
1312 1988 1587 2047 propositum

100 2070 311 2112 peragere
340 2063 561 2113 satagens,
597 2072 694 2097 cum
729 2055 924 2097 exercitu
950 2073 1028 2097 suo
1054 2065 1215 2097 terram
1249 2057 1425 2098 nefandi
1453 2057 1589 2099 comi-

100 2122 156 2163 tis
196 2122 532 2174 Cabilonensis,
591 2124 711 2165 nullo
764 2124 1023 2182 prepeditus
1082 2125 1335 2177 obstaculo,
1383 2125 1590 2166 audacter

101 2190 280 2231 intravit
313 2199 442 2249 atquc
480 2191 821 2234 Cabiloncnsem
864 2193 1083 2234 civitatem
1121 2202 1162 2235 et
1199 2195 1395 2236 Montem
1438 2195 1589 2236 Sancti

102 2258 383 2311 Vinceneii2,
433 2259 614 2318 insuper
660 2277 832 2302 omnem
869 2261 987 2302 illius
1032 2261 1194 2302 tiranni
1233 2270 1394 2303 terram
1434 2264 1478 2303 in
1516 2278 1590 2303 ore

101 2326 236 2385 gladii
274 2328 566 2385 perdomitam
601 2330 718 2386 cepit
755 2338 798 2370 ct
830 2330 1027 2385 ejusdem
1059 2339 1175 2371 terre
1206 2330 1392 2373 mediam
1421 2339 1589 2388 partem

102 2395 204 2437 duci
250 2396 507 2454 Burgundio
544 2397 739 2447 donavit,
786 2397 998 2455 reliquam
1042 2407 1210 2455 partem
1255 2398 1402 2440 comiti
1444 2399 1590 2442 Niver-

143 2519 174 2537 a.
200 2508 425 2547 burgensium
448 2513 480 2537 01.
496 2510 517 2537 A
536 2512 561 2537 “-’.

145 2549 174 2578 b.
202 2546 378 2589 flagellum
398 2550 435 2580 G.

145 2601 172 2619 r.
198 2590 308 2630 ipsius
333 2593 397 2621 Αἵ.

150 2703 172 2731 l.
200 2703 227 2732 ll
243 2703 324 2733 etait
339 2704 431 2733 alors
450 2707 469 2733 a
487 2705 630 2744 Vezelay
648 2704 794 2745 (janvier
812 2705 912 2745 1166).

146 2746 173 2772 2.
200 2744 312 2773 Pal-tie
330 2745 370 2774 de
389 2744 737 2776 Chalon-snr-Saoiic
752 2747 963 2776 renserniant
981 2747 1014 2776 la
1028 2746 1237 2776 cathedrale.
