1846 3184
287 139 340 168 llis(
796 140 932 169 TABLE
961 140 1015 170 ΕΤ
1041 141 1251 172 EXTRAITS

283 213 445 243 sauciatis
473 214 673 250 descrentes,
702 214 810 243 instar
838 216 1058 245 castellorum
1084 216 1115 245 in
1138 227 1263 247 corona
1290 218 1500 253 locarentur,
1534 223 1568 248 ut
1597 230 1615 248 a
1644 220 1760 249 labore

283 264 404 293 bellico
434 268 465 293 ct
495 263 694 293 vulneribus
721 264 916 294 deficientes
946 265 1028 295 inibi
1056 266 1206 306 potando
1237 278 1274 295 ac
1303 267 1471 306 ligaturas
1502 268 1757 308 restringendo,

282 313 438 342 fortiores
466 312 615 342 indurati
643 313 684 342 ad
723 314 874 354 palmam
913 315 1133 345 obtinendam
1162 321 1408 346 concertarent.
1445 317 1622 347 Publicata
1656 318 1762 357 igitur

281 363 363 391 tanti
385 367 501 391 ettam
520 363 684 392 tremendi
710 364 787 393 sacti
810 364 1054 394 deliberatione
1071 366 1222 406 tantique
1240 366 1391 396 delectus
1417 367 1659 407 apparatione,
1681 367 1760 407 quia

277 411 349 450 jam
373 423 449 441 cum
475 423 552 451 rege
576 413 666 442 ultra
690 424 833 453 regnum
863 414 983 454 pedem
1010 415 1152 445 fixerant
1182 420 1214 445 ct
1243 417 1417 446 turmatim
1448 417 1760 457 incompositosque

281 462 485 491 Alcmannos
503 462 701 492 accedentes
721 463 792 503 jam
819 475 924 504 usquc
952 465 993 493 ad
1019 465 1048 493 ΙΙ
1075 465 1183 494 millia
1209 466 1415 502 occiderant,
1449 478 1526 496 cum
1553 467 1615 496 hoc
1645 467 1760 507 ipsum

277 512 418 541 auribus
437 512 655 552 imperatoris
674 513 889 549 innotuisset,
916 514 1082 543 simulans
1101 519 1133 544 ct
1152 515 1388 552 dissimulans,
1412 517 1556 557 palliata
1583 517 1760 546 occasione

281 561 535 601 subterfugiens
563 566 595 591 ct
621 563 848 599 retrocedens,
875 564 961 593 alias
985 564 1077 594 illico
1100 564 1219 601 tendit,
1246 566 1356 605 magis
1381 566 1511 606 eligens
1535 566 1761 606 ignominiam

280 611 432 641 defectus
453 612 619 642 sustinere
637 624 740 653 quam
758 618 789 643 et
812 613 994 653 imperium
1012 618 1043 643 ct
1062 625 1245 654 personam
1264 616 1363 645 ruina
1381 616 1633 656 periclitantem
1654 616 1761 646 Fran-

281 672 397 690 corum
425 661 631 700 gravissime
659 663 781 692 ultioni
816 663 1049 703 suppeditare.
1083 664 1155 699 Quo
1186 675 1241 694 rex
1269 670 1300 694 ct
1329 666 1449 695 Franci
1473 670 1659 706 comperto,
1688 666 1761 696 sola

281 711 619 751 archiepiscoporum
639 717 670 741 ct
690 708 931 753 cpiscoporum
950 718 981 743 et
999 714 1241 753 religiosorum
1259 725 1358 755 prece
1376 715 1528 745 virorum
1549 727 1567 745 a
1586 715 1759 745 Teutonici

281 760 376 800 regni
392 761 625 791 devastatione
641 767 672 791 et
690 773 879 803 pauperum
899 763 1120 803 depressione
1139 765 1194 794 vix
1215 776 1249 794 se
1273 765 1446 795 continere
1464 765 1635 795 valebant.
1653 765 1762 794 Tanta

281 810 388 850 igitur
410 815 442 840 ct
465 815 535 841 tam
559 811 684 841 celebri
712 813 832 852 potitis
858 823 918 842 nec
944 813 1090 843 multum
1116 819 1258 844 cruenta
1282 815 1445 850 victoria,
1471 815 1561 844 idem
1591 815 1680 844 enim
1703 817 1763 844 aut

282 861 440 901 superius
458 862 521 891 suit
535 873 638 902 quam
651 862 678 892 si
697 874 818 903 campo
838 863 1124 903 triumphassent,
1142 865 1281 894 Francis
1298 865 1579 905 repatriantibus,
1596 875 1653 894 rex
1667 863 1762 893 exhi-

281 911 413 940 laratus
429 922 488 941 nec
500 912 669 952 ingratus,
689 913 731 941 ad
746 916 958 953 protectores
978 924 1057 943 suos
1075 914 1310 944 sanctissimos
1323 919 1491 955 martyres
1506 914 1642 944 devenit
1655 912 1764 943 humi-

282 961 371 996 liter,
397 962 512 1002 eisquc
537 967 614 1003 post
638 963 743 992 Deum
761 962 892 1003 gratias
915 974 1058 1003 magnas
1079 965 1242 1001 reserens,
1262 975 1423 994 coronam
1440 964 1550 1005 patris
1572 964 1634 1000 sui,
1660 974 1762 1004 quam

280 1011 406 1051 injuste
424 1011 600 1052 hucusque
618 1012 817 1049 retinuerat,
834 1012 910 1053 jure
929 1013 1018 1042 enim
1037 1014 1078 1043 ad
1103 1025 1159 1044 eos
1178 1025 1294 1044 omnes
1313 1025 1435 1044 corone
1451 1019 1483 1044 et
1500 1014 1630 1054 regalia
1652 1013 1763 1054 spolia

282 1072 402 1101 regum
429 1061 665 1091 decedentium
693 1062 885 1102 pertinent,
917 1062 1138 1093 devotissime
1167 1064 1333 1101 restituit,
1364 1069 1397 1094 et
1430 1075 1492 1105 pro
1529 1063 1762 1093 satisfactione

282 1111 481 1141 retentionis
508 1111 633 1151 injuste
669 1112 872 1152 Cergiacum
902 1113 1022 1142 villam
1055 1125 1131 1143 cum
1169 1114 1328 1144 omnibus
1358 1114 1609 1154 pertinentibus
1645 1124 1762 1143 corum

281 1161 421 1191 ecclesie
439 1161 631 1191 liberaliter
648 1162 818 1192 concessit
835 1167 1000 1203 perpetuo
1018 1163 1274 1203 possidendam.
1299 1164 1468 1194 Indictum
1486 1164 1588 1194 etiam
1615 1163 1763 1193 exterius

282 1211 316 1241 in
340 1212 465 1252 platea,
485 1212 565 1252 quia
584 1216 662 1241 tunc
679 1212 824 1242 interius
844 1217 1040 1243 sanctorum
1059 1218 1142 1250 erat,
1162 1214 1389 1244 libentissime
1407 1214 1566 1250 reddidit,
1591 1214 1764 1244 viaturam

281 1273 415 1303 quoque
446 1273 485 1292 ac
514 1262 748 1291 omnimodam
773 1262 946 1302 justitiam
970 1264 1094 1304 quibus
1121 1265 1243 1304 spatiis
1268 1266 1424 1295 columne
1451 1268 1649 1295 statuuntur
1671 1275 1764 1294 mar-

283 1323 407 1347 moree,
435 1312 533 1352 quasi
561 1311 672 1342 Gades
700 1312 855 1342 Herculis
883 1313 1042 1343 omnibus
1070 1314 1276 1344 obsistentes
1303 1314 1473 1350 hostibus,
1501 1314 1653 1355 precepti
1680 1314 1766 1354 regii

282 1362 542 1393 confirmatione
570 1362 726 1392 sancivit.
754 1363 877 1392 Saeras
896 1374 975 1393 vero
997 1374 1035 1393 ac
1060 1364 1273 1394 venerabiles
1301 1365 1615 1394 sacratissimorum
1642 1375 1766 1405 corpo-

283 1424 359 1442 rum
383 1412 534 1447 lecticas,
554 1424 617 1453 quc
641 1413 742 1442 altari
761 1413 947 1453 principali
974 1414 1190 1454 superposite
1214 1419 1283 1444 toto
1308 1415 1419 1455 spatio
1442 1415 1556 1445 bellici
1579 1419 1766 1445 conventus

283 1463 475 1499 extiterant,
496 1463 553 1492 ubi
574 1463 734 1492 continuo
754 1467 785 1492 et
804 1463 1028 1493 celeberrimo
1046 1464 1111 1493 diei
1137 1469 1169 1493 et
1192 1465 1300 1494 noctis
1316 1465 1423 1495 officio
1442 1466 1588 1495 fratrum
1604 1465 1766 1495 coleban-

282 1518 349 1544 tur.
380 1513 487 1543 multa
511 1512 725 1542 devotissimi
749 1513 869 1553 populi
901 1518 933 1542 et
960 1514 1201 1554 religiosarum
1230 1515 1411 1545 mulierum
1439 1515 1481 1545 ad
1505 1515 1766 1555 suffragandum

284 1563 445 1593 exercitui
464 1563 770 1604 frequentabantur
784 1564 969 1604 multiplici
988 1564 1151 1599 oratione,
1170 1576 1228 1594 rex
1246 1566 1319 1605 ipse
1340 1566 1481 1606 proprio
1503 1565 1591 1595 collo
1609 1565 1766 1595 dominos

284 1619 315 1644 et
334 1619 497 1654 patronos
518 1624 596 1643 suos
623 1624 699 1643 cum
721 1613 977 1654 lachrymarum
1004 1615 1175 1644 affluentia
1200 1615 1352 1645 filialiter
1377 1616 1451 1645 loco
1475 1626 1535 1645 suo
1558 1616 1765 1656 reportavit,

284 1664 470 1704 multisque
492 1668 563 1693 tam
591 1668 678 1693 terre
701 1674 804 1704 quam
827 1664 975 1695 aliarum
993 1665 1275 1696 commoditatum
1302 1666 1455 1696 donariis
1474 1677 1536 1706 pro
1560 1666 1613 1696 his
1634 1670 1666 1696 et
1688 1665 1765 1696 aliis

284 1715 450 1755 impensis
478 1714 652 1744 beneficiis
679 1715 921 1744 remuneravit.
952 1716 1144 1755 Imperator
1170 1726 1251 1756 ergo
1282 1716 1499 1752 Teutonicus5
1532 1727 1570 1746 eo
1598 1716 1766 1746 vilescens

285 1766 374 1795 sacto
393 1769 424 1795 ct
445 1765 485 1794 de
506 1764 559 1794 die
584 1764 617 1793 in
638 1764 728 1793 diem
747 1764 934 1800 declinans,
954 1775 1020 1794 non
1039 1765 1097 1794 diu
1118 1770 1196 1805 post
1214 1770 1403 1796 extremum
1425 1766 1515 1796 diem
1539 1777 1656 1806 agens,
1676 1765 1767 1795 anti-

284 1826 430 1855 quorum
445 1814 636 1844 verificavit
651 1815 868 1850 sententiam,
884 1826 1018 1845 omnem
1033 1816 1185 1846 nobilem
1202 1820 1260 1846 aut
1274 1816 1462 1857 ignobilem
1480 1817 1577 1857 regni
1592 1820 1651 1846 aut
1665 1816 1768 1846 eccle-

286 1865 333 1894 sie
351 1865 575 1901 turbatorem,
595 1864 691 1904 eujus
707 1875 811 1894 causa
830 1869 888 1895 aut
905 1865 1140 1896 controversia
1157 1870 1353 1896 sanctorum
1368 1877 1513 1906 corpora
1531 1867 1764 1901 subleventur,

284 1915 352 1945 cito
366 1919 486 1955 postea
503 1915 671 1955 deperire.

326 1993 506 2029 Quomono
524 2002 589 2023 Rex
605 1994 805 2023 ANGLORUM
821 2002 945 2023 vchus
962 2003 1054 2023 FUIT.
1072 1993 1278 2030 (Variantes,
1300 2004 1332 2033 p.
1354 1993 1520 2033 105-106.)

327 2070 375 2099 DE
394 2078 667 2099 EiuscoPATlssus
687 2079 778 2105 Quos
802 2079 869 2100 REX
897 2071 1029 2100 :moun
1049 2080 1242 2100 coxenssrr
1265 2079 1519 2100 SERVITORIBUS
1545 2079 1632 2100 SUIS.
1653 2069 1768 2110 (Hem-i

285 2120 325 2148 de
340 2119 568 2161 Huntlngclon,
589 2131 621 2159 p.
639 2120 804 2160 fllia-245).

328 2196 375 2225 DE
393 2205 515 2226 MAGNA
536 2205 654 2226 HYEME
673 2205 716 2226 ET
734 2205 1055 2226 DISCONVENIENTIA
1073 2205 1246 2226 TEMPORIS
1267 2206 1377 2226 HUJUS
1396 2206 1492 2226 ANNI.

326 2272 468 2302 Uxonsss
509 2281 774 2302 sACERDoTfflus
813 2272 947 2301 ANGLIE
986 2281 1245 2302 rRofflBEN‘rua.
1285 2271 1411 2312 (Hem-i
1447 2271 1487 2301 de
1529 2271 1764 2313 llcmtz'ngdon,

286 2333 318 2362 p.
337 2323 454 2360 211545.)

327 2399 375 2429 DE
394 2408 485 2429 REGE
503 2400 637 2429 Axomis
654 2399 825 2428 HEcho.
845 2398 915 2438 (Cp.
935 2398 964 2427 le
983 2401 1094 2433 me'me,
1117 2410 1148 2438 p.
1169 2399 1254 2439 2450

330 2477 378 2506 DE
397 2486 519 2507 summo
536 2485 731 2506 PoNTnicE,

330 2553 378 2583 DE
397 2563 605 2589 QUIBUSDAM
622 2562 810 2583 moxsrffls.

330 2630 377 2660 DE
396 2639 513 2660 MORTE
532 2639 595 2660 VEL
612 2639 800 2660 AMISSIONE
820 2629 969 2659 HENRICI
986 2638 1233 2659 mrnmroms.

333 2706 380 2735 DE
400 2707 549 2736 HUGONE
570 2707 699 2736 smum
718 2706 897 2736 VICTORIS.
