1846 3184
202 184 241 213 56
871 178 1013 210 SUGER

204 259 394 309 fecisset,
446 274 496 298 co
542 257 746 307 docente,
793 256 1177 307 animadverteret,
1223 257 1375 298 accitis
1420 256 1680 314 quibusdam

202 325 434 371 Vilcassiui
474 324 783 375 nobiliorilnffi,
821 323 1042 380 quomodo
1080 341 1186 381 pace
1218 324 1261 364 in
1295 341 1402 381 rupe
1444 331 1679 373 remaneat,

204 396 266 436 cis
292 392 616 442 confederctur,
657 392 748 449 regi
781 393 1051 433 Francorum
1086 393 1251 448 optime
1291 390 1465 440 serviat,
1495 390 1682 447 promis-

206 461 403 503 sionibus
446 459 593 501 multis
637 460 848 500 elaborat.
899 458 981 512 Qui
1037 458 1270 500 reicicutcs
1318 467 1360 500 ct
1412 457 1684 516 prodicionis

205 529 417 571 ultionem
439 528 806 585 improperantes,
830 528 873 567 in
897 528 980 567 hoc
998 527 1085 581 jam
1106 526 1123 554 l.-
1146 527 1373 568 remissum
1399 526 1683 583 impulerunt,

207 606 254 639 ut
277 598 311 638 si
338 606 497 638 terram
527 595 745 652 quandam
771 594 852 635 sibi
879 593 1068 649 adjurari
1093 593 1314 636 facerentl
1342 603 1385 634 et
1407 593 1684 634 securitatem

209 665 341 706 cundi
369 664 545 713 darent,
584 670 841 719 occupatam
877 660 1119 701 dimitteret
1156 661 1217 702 eis
1255 660 1558 702 munitionem.
1592 661 1688 713 Quo

204 730 491 789 jurejurando
524 732 709 780 firmato,
743 732 1011 771 Francorum
1041 728 1167 786 pauci
1196 729 1345 786 plures
1372 726 1536 784 recepti
1571 735 1686 767 sunt.

210 798 536 842 Procrastinato
560 806 702 839 autem
729 813 879 838 eorum
911 797 1027 837 exitu
1062 796 1294 837 occasione
1327 796 1493 853 prefate
1518 803 1688 843 terrem,

212 884 307 910 curn
338 867 383 908 in
424 882 549 907 manc
587 874 735 924 preter
769 867 938 921 juratos
973 864 1106 921 aliqui
1151 864 1367 905 intrarent
1407 862 1550 904 etalii
1584 862 1691 903 alios

212 943 526 994 sequerentur,
560 933 742 976 invaluit
781 933 944 973 clamor
977 931 1242 973 exteriorum
1285 940 1327 972 et
1367 939 1413 972 ut
1444 930 1693 988 proditores

213 1011 434 1061 exponant
470 1001 743 1043 horribiliter
785 1000 1107 1051 vociferantur,
1146 1008 1219 1041 aut
1249 999 1425 1049 saciant,
1466 1007 1538 1039 aut
1576 997 1696 1038 simi—

214 1073 299 1113 lem
331 1070 606 1129 proditorum
638 1085 794 1126 penam
827 1076 1034 1125 tanquam
1072 1067 1401 1109 consentientes
1431 1067 1691 1107 sorciantur.

216 1142 310 1193 Qua
344 1137 524 1179 audacia
564 1145 608 1178 et
644 1137 800 1178 timore
837 1135 1133 1177 renitentibus
1163 1134 1452 1191 juratoribUS,
1495 1133 1568 1191 qui
1609 1149 1695 1174 non

210 1209 466 1263 juraverant
489 1204 533 1245 in
554 1221 628 1245 eos
650 1204 918 1261 prevalendo
939 1203 1204 1254 insilientes,
1234 1201 1392 1260 gladiis
1410 1213 1429 1230 n
1452 1218 1525 1242 eos
1549 1217 1697 1258 aggre-

218 1274 415 1323 diuntur,
456 1271 616 1329 impios
658 1271 729 1329 pie
768 1270 1008 1321 trucidant,
1051 1269 1258 1311 membris
1295 1269 1550 1319 emutilant,
1590 1268 1698 1309 alios

218 1341 508 1383 dulcissimeo
536 1339 796 1389 eviscerant,
828 1347 871 1379 et
901 1338 1111 1395 quicquid
1146 1338 1366 1379 crudelius
1396 1336 1542 1378 mitius
1571 1352 1699 1392 repu-

218 1419 361 1451 tantes
390 1409 434 1450 in
463 1424 537 1449 eos
565 1415 845 1466 exaggerant.
877 1409 967 1449 Nec
1002 1406 1344 1447 discredendum
1378 1414 1441 1446 est
1455 1416 1477 1444 Ι)
1509 1403 1699 1445 divinam

221 1494 394 1519 manum
420 1485 505 1517 tam
528 1476 714 1517 celerem
745 1484 984 1517 maturasse
1010 1473 1239 1525 ultionem,
1268 1490 1364 1515 cum
1394 1482 1435 1513 et
1457 1489 1535 1530 per
1560 1472 1702 1512 senes-

220 1555 309 1587 tras
335 1544 418 1586 vivi
448 1553 519 1585 aut
550 1544 708 1584 mortui
740 1542 1025 1600 proitiuntur,
1060 1550 1102 1583 et
1128 1540 1371 1582 innumeris
1397 1540 1568 1598 sagittis
1594 1537 1703 1580 hiri-

222 1615 387 1655 ciorum
409 1629 529 1654 more
545 1611 728 1669 hispidi,
755 1610 1014 1668 cuspidibus
1033 1610 1283 1650 lancearum
1302 1607 1347 1649 in
1367 1624 1464 1650 aere
1480 1614 1700 1656 vacantes,

223 1698 271 1724 ae
303 1681 337 1722 si
370 1697 444 1722 eos
479 1689 593 1721 terra
629 1680 797 1729 reitiat,
836 1678 1076 1720 vibrantur.
1121 1679 1278 1718 Hanc‘l
1315 1685 1458 1717 autem
1495 1674 1704 1716 inusitato

224 1751 336 1791 sacto
380 1748 632 1789 inusitatam
678 1747 935 1804 repperiunt
975 1745 1209 1796 ultionem,
1255 1745 1371 1802 quod
1414 1743 1514 1801 quia
1552 1758 1704 1784 vecors

223 1818 342 1859 vivus
377 1817 534 1866 fuerat,
570 1822 767 1856 mortuus
801 1823 867 1856 est
904 1813 1179 1855 excordatus.
1218 1814 1304 1854 Cor
1343 1812 1559 1869 siquidem
1595 1810 1705 1852 extis

224 1893 438 1942 ereptum,
474 1883 622 1924 fraude
650 1890 693 1923 ct
721 1881 954 1938 iniquitate
989 1880 1212 1938 turgidum
1247 1879 1347 1937 palo
1372 1878 1621 1936 imponunt,
1652 1878 1706 1918 ad

226 1951 615 2011 representandam
657 1949 902 2008 iniquitatis
934 1948 1171 1990 vindictam
1211 1949 1358 1989 multis
1393 1947 1548 1988 diebus
1587 1952 1706 1986 certo

225 2022 267 2062 in
297 2022 393 2062 loco
416 2020 620 2077 infigunt.
648 2019 867 2059 Cadavera
890 2034 992 2058 vcro
1023 2025 1108 2057 tam
1137 2015 1254 2057 illius
1277 2030 1405 2072 quam
1432 2013 1706 2072 quorundam

225 2089 467 2138 sociorum,
499 2086 756 2144 compositis
786 2085 932 2135 cleiis,
964 2085 1114 2126 rastris
1143 2093 1185 2125 et
1216 2082 1393 2124 funibus
1422 2081 1705 2138 superligata,

226 2174 304 2215 per
337 2155 512 2197 ssuvium
553 2156 757 2211 Sequane
792 2153 1032 2194 demittunt
1051 2163 1082 2203 ¹',
1114 2160 1159 2193 ut
1189 2151 1223 2192 si
1258 2151 1368 2191 sorte
1400 2166 1538 2206 usque
1573 2150 1707 2190 Roto-

226 2241 400 2282 magum
436 2223 645 2264 fluctuare
685 2238 771 2262 non
806 2220 1157 2278 impediantur-⁹,
1193 2217 1465 2276 prodicionis
1496 2215 1706 2257 ultionem

226 2299 467 2337 ostentent,
498 2299 541 2332 et
569 2289 642 2347 qui
671 2289 899 2331 Franciam
935 2296 1241 2329 momentaneo
1275 2287 1409 2327 fetore
1437 2285 1705 2327 fedaverant,

266 2420 295 2449 k.
322 2419 437 2459 ipsum
453 2417 551 2447 addit
566 2417 603 2446 B.

267 2461 288 2490 l.
314 2465 389 2490 ut...
412 2461 561 2489 facerent
579 2458 669 2487 deest
685 2458 722 2487 D.

265 2513 307 2533 m.
332 2501 511 2532 occasione
530 2500 663 2539 prefata
688 2499 724 2527 B.

266 2554 299 2573 n.
325 2542 441 2583 gladio
460 2542 493 2570 F.

267 2596 296 2615 o.
323 2583 488 2614 citissime
508 2582 542 2611 F.

262 2637 298 2667 p.
324 2630 376 2655 est
391 2625 483 2654 deest
502 2623 538 2652 Β.

268 2679 298 2738 Z·
320 2665 496 2738 ‹ifnciitiissnt
511 2706 548 2742 D,
569 2705 603 2734 F.

270 2761 295 2782 s.
319 2748 568 2788 impedirentur
586 2746 620 2781 F,
