1846 3184
213 171 252 200 20
883 166 1026 199 SUGER

214 248 467 289 continuata
491 253 558 286 est
584 244 797 295 amicicia,
830 253 877 285 ut
905 253 948 285 ct
977 252 1102 301 pater
1135 253 1178 285 et
1210 243 1323 285 filius
1352 260 1398 285 se
1425 243 1463 285 ci
1489 261 1690 302 supreme

213 315 461 365 crederent,
492 320 535 353 ct
561 311 656 368 ipse
681 327 826 353 comes
854 311 999 353 Guido
1024 311 1228 368 filiusque
1250 312 1342 366 ejus
1368 313 1493 369 Ilugo
1522 311 1694 353 Crecia-

213 382 356 423 censis
379 381 390 409 ¹
414 379 537 437 regni
558 378 805 420 defensioni
825 387 868 419 et
886 377 1045 419 honori
1067 377 1170 419 totis
1189 377 1355 419 viribus
1377 377 1689 420 inniterentur.

211 452 371 492 Verum
400 447 500 504 quia

361 515 456 570 Quo
479 514 612 554 semel
633 522 694 553 esc
719 513 883 553 imbuta
911 528 1059 553 reeens
1085 514 1273 554 servabit
1298 514 1471 554 odorem

364 583 485 622 Testa
510 581 583 621 din
603 581 635 631 2,

211 649 291 690 viri
314 650 368 690 de
384 650 534 689 Monte
554 646 743 697 Lcherii,
761 654 970 687 consuete
991 645 1174 703 perfidie
1192 647 1338 698 emuli,
1363 647 1516 688 dolose
1533 648 1693 688 machi-

214 716 302 758 nati
332 724 433 757 sunt
465 731 545 772 per
571 714 897 756 Garlandcnses
928 713 1083 754 fratres
1105 714 1136 761 3,
1166 713 1238 770 qui
1264 722 1369 754 tunc
1402 713 1517 771 regis
1546 722 1587 755 et
1614 714 1691 754 filii

214 782 489 822 incurrerant
536 778 796 819 inimicicias
814 812 822 828 ,
871 794 956 834 quo
1004 777 1134 817 modo
1176 777 1420 818 vicecomes
1459 777 1692 818 Trecensis

212 848 318 890 Milo
338 847 367 899 4,
403 848 546 887 minor
572 847 704 887 frater
732 844 949 886 Guidonis
974 844 1202 895 Trusselli,
1231 861 1327 885 eum
1356 853 1492 885 matre
1518 844 1693 885 viceco-

213 915 381 956 mitissa
401 915 417 942 5
448 923 490 955 et
517 929 673 971 magna
699 928 829 953 manu
857 911 1043 953 militum
1072 912 1192 952 venit
1221 920 1452 969 castroque
1474 913 1527 953 ab
1553 912 1695 952 omni-

215 984 295 1024 bus
322 981 466 1023 votivo
499 989 703 1038 receptus
732 979 944 1036 perjurio,
981 978 1190 1020 benefitia
1222 979 1358 1036 patris
1394 979 1541 1036 sepius
1567 979 1699 1020 lacri-

216 1050 374 1091 mando
400 1049 600 1105 replicat,
627 1062 887 1106 generosam
917 1055 960 1087 et
986 1047 1229 1087 naturalem
1258 1063 1405 1087 eorum
1436 1046 1697 1087 industriam

214 1124 505 1174 representat,
535 1115 665 1156 fidem
698 1114 942 1155 mirabilem
973 1113 1188 1171 predicat,
1219 1129 1477 1171 generosam
1504 1121 1547 1154 et
1570 1121 1696 1154 natu-

214 1185 347 1226 ralem
374 1200 523 1225 corum
554 1181 816 1223 industriam
842 1189 1132 1238 representat,
1168 1181 1297 1221 fidem
1326 1180 1571 1221 mirabilem
1596 1196 1697 1237 pre-

214 1253 351 1303 dicat,
394 1249 662 1292 revocationi
704 1266 779 1290 suc
822 1248 1060 1305 gratiarum
1091 1249 1287 1289 actiones
1324 1257 1535 1304 reportat,
1573 1256 1616 1288 ct
1651 1255 1699 1288 ut

214 1321 326 1360 bene
356 1327 482 1375 cepta
505 1319 617 1358 bene
645 1316 885 1374 perfitiant,
910 1315 1096 1373 genibus
1126 1332 1274 1357 eorum
1299 1315 1572 1372 provolutus,
1598 1330 1695 1370 sup-

213 1386 389 1443 pliciter
413 1393 576 1426 exorat.
608 1384 701 1425 Tali
727 1393 769 1425 et
798 1393 885 1424 tam
917 1383 1092 1440 lugubri
1119 1382 1426 1441 genuflexione
1449 1382 1565 1432 flexi,
1597 1398 1698 1422 cur-

214 1462 317 1494 runt
340 1453 392 1493 ad
415 1469 548 1502 arma,
575 1451 784 1492 festinant
807 1452 858 1491 ad
876 1450 1048 1501 turrim,
1077 1450 1358 1492 committunt
1383 1458 1534 1491 contra
1550 1449 1696 1490 defen-

213 1536 333 1561 sores
353 1519 485 1560 turris
509 1518 682 1576 gladiis,
709 1517 890 1567 lanceis,
916 1517 1034 1574 igne,
1062 1517 1244 1558 sudibus
1264 1525 1306 1557 et
1329 1516 1442 1558 saxis
1465 1516 1695 1565 acerrime,

212 1596 257 1627 ut
296 1595 337 1627 et
377 1586 646 1626 antemurale
680 1585 812 1626 turris
854 1584 1056 1642 pluribus
1097 1584 1141 1624 in
1183 1583 1292 1625 locis
1331 1584 1614 1640 perfoderent
1653 1591 1697 1624 et

212 1654 370 1695 multos
396 1653 551 1694 turrim
582 1652 921 1694 defendencium
957 1652 1009 1692 ad
1044 1660 1229 1692 mortem
1261 1651 1558 1692 vulnerarent.
1592 1652 1697 1692 Erat

211 1721 428 1778 siquidem
476 1721 518 1761 in
565 1721 716 1761 eadem
757 1728 876 1760 turre
922 1735 1030 1759 uxor
1070 1717 1225 1775 prefati
1265 1717 1481 1760 Guidonis
1526 1726 1569 1758 et
1608 1717 1695 1758 filia

209 1787 388 1829 domino
421 1787 641 1828 Ludovieo
673 1787 954 1843 desponsata.
994 1786 1121 1838 Quod
1157 1802 1252 1826 cum
1288 1784 1465 1826 auribus
1506 1784 1692 1841 dapiferi

210 1854 427 1896 Guidonis
461 1855 753 1904 insonuisset,
790 1862 837 1894 ut
870 1861 963 1894 erat
993 1852 1059 1893 vir
1089 1852 1443 1910 magnani111us⁶‚
1486 1852 1691 1909 expedite

210 1922 364 1972 exiliit,
390 1931 431 1963 et
454 1938 551 1962 cum
573 1930 736 1978 quanta
756 1937 886 1962 manu
910 1920 1095 1961 militum
1117 1919 1260 1976 potuit
1283 1919 1463 1960 castello
1486 1919 1695 1960 audacter

208 1988 594 2047 appropinquavit,
627 1989 704 2029 sed
733 1987 817 2028 utd
841 2004 885 2028 se
919 1988 1227 2044 undecumque
1260 1995 1499 2043 sequantur
1528 1986 1692 2027 veloci-

207 2066 289 2107 ter,
316 2056 617 2109 velocissimos
644 2057 823 2097 nuntios
849 2055 982 2096 misit.
1012 2054 1095 2108 Qui
1123 2063 1266 2095 autem
1289 2054 1443 2095 turrim
1465 2054 1693 2111 impugna—

207 2126 326 2177 bant,
357 2141 376 2164 a
408 2133 554 2165 monte
583 2140 681 2165 eum
715 2124 933 2178 videntes,
968 2124 1067 2180 quia
1102 2123 1294 2163 nondum
1327 2122 1480 2163 turrim
1514 2121 1690 2163 vincere

206 2200 465 2248 potuerant,
512 2192 745 2233 adventum
781 2190 973 2232 subitum
1018 2189 1185 2230 domini
1234 2189 1442 2230 Ludovici
1481 2198 1689 2246 tanquam

244 2314 270 2331 c.
297 2302 469 2331 unanimis
489 2302 525 2331 B.

244 2343 276 2372 tl.
303 2343 360 2372 sed
379 2348 411 2373 et
429 2348 464 2372 ut
482 2343 519 2372 B.

246 2506 269 2534 l.
298 2506 462 2534 Seneehal
482 2505 522 2534 de
542 2506 670 2534 Franco
689 2515 728 2534 en
748 2506 838 2534 1107.

241 2548 269 2576 2.
296 2547 438 2580 Horace,
455 2547 573 2586 Epist..
594 2547 617 2581 I,
640 2547 668 2580 2,
688 2557 718 2575 v.
741 2548 851 2575 69-70.

240 2589 268 2616 33.
295 2587 1069 2627 Ilsetaientquatres1·e1¹(=S,A11sea11,Eticnne,
1085 2587 1217 2618 Gilbert
1229 2590 1260 2616 et
1273 2585 1478 2617 Guillaume.
1495 2583 1689 2622 (Luchaire,

199 2639 289 2658 οιινΓ.
308 2628 380 2662 cite',
401 2629 424 2661 Ι,
446 2629 612 2668 ‘HS-¹179.)

244 2670 269 2698 ’1.
295 2669 376 2698 Voir
391 2670 468 2709 plus
487 2670 579 2703 haut,
601 2680 634 2709 p.
656 2670 703 2705 18,
724 2674 799 2699 note
821 2670 847 2699 ’1.

241 2712 268 2739 Γ),
294 2711 454 2740 Nommee
470 2711 634 2740 Lithuisc.
