1846 3184
265 144 304 171 90
934 144 1076 176 SUGER

266 220 378 260 ferre
426 235 519 260 cum
570 219 729 261 comite
779 221 1002 262 Tcobaldo
1049 222 1183 263 multa
1224 239 1341 263 mora
1389 223 1676 275 decrevisset,
1723 242 1743 265 a

266 286 424 327 comite
446 287 640 328 Fuleoue
662 288 880 344 repulsam
908 290 1117 338 referens,
1144 299 1185 331 et
1205 291 1364 330 multos
1387 306 1562 331 suorum
1585 300 1625 332 01
1648 310 1742 334 cuin

265 354 461 404 castello,
487 370 537 394 eo
559 354 772 411 inglorius
802 357 931 407 sacto,
959 357 1113 397 turrim
1143 357 1300 398 amisit.

323 423 519 478 Cumque
552 421 620 462 his
651 431 693 462 et
724 423 886 464 talibus
915 424 1051 464 11111110
1084 433 1282 481 tempore
1318 425 1516 465 anxiatus
1552 442 1664 481 pene
1699 427 1742 467 in

264 488 434 529 iniums'
485 489 777 546 declinasset,
831 508 925 532 cum
974 490 1099 547 jainll
1148 491 1292 532 divina
1340 491 1595 548 propitiatio
1637 493 1745 534 dure

264 556 482 613 flagellato
513 565 555 598 et
586 557 904 615 aliquantisper
937 559 1168 616 castigato,
1203 567 1293 600 erat
1320 558 1434 599 enim
1460 560 1744 602 ecclesiarum

263 623 457 665 liberalis
492 624 654 666 ditator
682 635 723 666 ct
757 625 1095 667 elemosinarum
1139 626 1321 682 dapsilis
1357 626 1638 682 dispensator
1669 629 1744 669 sed

263 691 465 742 lascivus,
492 709 671 749 parcere
701 703 743 734 et
768 711 788 734 a
811 703 929 734 tanta
957 710 1053 735 cum
1083 694 1370 750 depressione
1400 694 1746 736 misericorditer

264 759 490 800 sublevare
516 760 797 813 decrevisset,
826 778 876 802 ex
904 761 1129 819 insperato
1152 761 1455 802 inferioritatis
1482 763 1574 817 ejus
1598 763 1744 803 adver-

265 827 367 867 sitas
392 827 436 867 in
462 844 674 868 summam
710 837 801 870 rote
834 829 1174 886 prosperitatem
1203 829 1347 869 subito
1379 828 1618 879 reducitur,
1647 846 1743 871 011111

264 902 306 935 01
341 893 547 935 111110105ί
588 896 838 937 turbatores
876 897 1022 952 potius
1062 912 1191 936 mann
1223 895 1369 936 divina
1403 912 1532 952 quam
1567 912 1639 937 sua
1673 905 1745 937 aut

264 978 498 1018 suppreme
516 961 537 1003 J¹
559 963 785 1004 declinant
810 972 883 1004 aut
916 964 1095 1005 0111111110
1121 963 1341 1014 defitiunt,
1371 962 1484 1004 sicut
1507 963 1600 1020 ipsa
1622 964 1744 1005 Divi—

264 1030 375 1070 nitas
419 1031 646 1072 consuevit
680 1033 767 1087 jam
814 1048 926 1088 pene
973 1032 1218 1089 desperatis
1259 1040 1301 1072 et
1346 1032 1536 1072 humano
1583 1031 1742 1073 auxilio

263 1097 485 1138 destitutis
519 1099 822 1140 misericordie
858 1099 1081 1140 dexteram
1114 1099 1461 1140 misericorditer
1488 1099 1738 1141 extendere.

263 1166 419 1206 Comes
455 1166 673 1223 siquidem
709 1167 994 1208 Flandrensis
1033 1167 1291 1217 Balduinus,
1335 1168 1456 1222 cujus
1489 1167 1743 1224 gravissima

262 1232 549 1275 inl'estacione
580 1234 771 1292 graviter
799 1234 913 1275 idem
945 1251 1019 1275 rex
1045 1234 1351 1284 infestabatur,
1377 1233 1524 1290 sepius
1559 1234 1604 1274 in
1632 1235 1743 1275 Nor-

260 1301 480 1342 manniam
508 1302 697 1352 irruens,
728 1319 825 1343 cum
855 1302 907 1343 ad
937 1302 1249 1343 debellandum
1280 1303 1424 1343 Ocnse
1448 1301 1674 1342 castellum
1704 1310 1746 1342 et

260 1369 519 1410 maritimam
552 1369 756 1410 viciniam
793 1371 937 1411 animo
970 1370 1147 1411 effrenis
1181 1369 1335 1410 militie
1368 1377 1562 1418 vacaret,
1600 1370 1744 1410 subito

260 1437 336 1477 sed
360 1453 455 1478 raro
475 1437 492 1465 '¹'
517 1438 606 1479 ictu
629 1437 673 1478 in
699 1438 806 1479 faeie
829 1438 981 1479 lancea
1006 1454 1258 1494 percussus,
1286 1437 1550 1495 dedignatus
1576 1437 1745 1478 tantilla

260 1504 343 1545 sibi
377 1505 609 1561 providere
644 1506 772 1563 plaga
797 1505 823 1555 l,
862 1506 967 1546 mori
1006 1522 1094 1546 non
1133 1505 1414 1563 dedignatus7
1451 1521 1536 1546 non
1575 1514 1743 1546 tantum

260 1574 351 1632 regi
380 1575 561 1633 Anglie,
595 1576 671 1616 sed
706 1577 909 1617 omnibus
950 1576 1162 1632 deinceps
1194 1575 1325 1616 finem
1363 1574 1526 1616 faciens
1564 1591 1743 1632 parcere

259 1642 437 1700 eleg-itm
461 1644 488 1683 ¹.
521 1644 721 1685 Presatus
743 1645 891 1701 itaque
918 1646 1232 1702 Engerrannus
1255 1644 1309 1684 de
1332 1643 1464 1685 Calvo
1488 1645 1655 1693 Monte,
1679 1643 1744 1684 vir

257 1713 575 1755 audacissimus
611 1724 652 1755 et
681 1715 878 1771 ejusdem
914 1715 1064 1773 regisn
1096 1714 1329 1755 infestator
1358 1723 1740 1771 presumptuosus,

258 1798 353 1822 011111
392 1783 516 1822 beate
548 1782 684 1823 Marie
722 1782 871 1823 matris
907 1783 1085 1824 Domini
1118 1782 1488 1840 Rothomagensis
1525 1782 1743 1838 archiepi-

258 1859 462 1907 scopatus
484 1859 645 1891 terram
671 1850 943 1891 destructum
962 1850 1013 1890 iri
1038 1866 1124 1891 non
1153 1851 1415 1891 obhorreret
1432 1860 1466 1899 0,
1485 1848 1743 1907 gravissimo

294 1972 328 2000 g.
354 1971 432 1990 eum
455 1971 513 1989 rex
534 1961 654 2000 Anglio
678 1961 844 1990 Henricus
873 1961 1082 1990 Francorum
1107 1959 1273 1989 molestiis
1296 1970 1356 2000 per
1380 1959 1556 1989 biennium
1574 1959 1742 1993 anxiatus,

256 2012 341 2042 pene
360 2002 393 2031 in
411 2002 519 2031 imum
538 2006 609 2031 rote
628 2003 662 2032 F.

298 2043 329 2073 Ιι.
356 2043 515 2083 cumjam
531 2043 621 2073 dees!
640 2044 673 2073 F.
693 2046 785 2073 Dans
802 2054 836 2072 ce
854 2042 987 2073 dernier
1010 2042 1204 2074 manuscrit.
1235 2042 1263 2071 le
1290 2042 1392 2071 de‘bul
1414 2043 1458 2071 du
1476 2041 1696 2082 paragraplte
1723 2053 1743 2071 a

257 2088 309 2114 e'le‘
323 2084 434 2119 re'crz'b,
452 2084 537 2113 mais
555 2085 601 2114 les
619 2085 821 2114 corrections
835 2085 936 2124 saites
951 2084 1041 2114 n'onl
1060 2095 1169 2113 aucun
1186 2084 1314 2114 inte're'l.

296 2126 318 2155 i.
344 2136 424 2155 nam
443 2126 582 2155 altiores
602 2127 636 2155 F.

288 2167 317 2207 j.
345 2178 530 2207 suppreme
549 2168 640 2197 deest
658 2168 691 2196 F.

294 2208 323 2237 lt.
349 2219 457 2248 parvo
475 2209 509 2238 F.
528 2212 570 2238 Le
586 2212 651 2237 mot
669 2219 748 2238 raro
766 2220 785 2237 a,
805 2208 850 2238 ici
865 2208 893 2238 le
908 2220 982 2238 sens
1002 2209 1043 2237 de
1059 2208 1176 2249 faihle,
1195 2208 1294 2249 leger.

296 2249 316 2278 l.
342 2250 516 2280 tantille...
536 2251 639 2290 plage
658 2251 693 2280 1³.

295 2302 335 2320 ιιι.
362 2292 444 2321 Erat
461 2291 552 2321 enim
571 2292 633 2321 iste
658 2302 771 2321 comcs
790 2291 980 2321 Balduinus
1000 2291 1121 2320 calixti
1142 2302 1230 2331 pape
1247 2301 1285 2319 ex
1305 2301 1420 2320 sorore
1440 2301 1556 2331 nepos,
1579 2294 1610 2319 et
1634 2290 1744 2319 modis

255 2332 414 2361 omnibus
437 2333 659 2363 (juillelmum
684 2333 794 2362 filium
816 2333 968 2365 Roherli,
989 2333 1085 2361 din-is
1105 2332 1311 2361 Norinannie
1330 2333 1373 2362 ab
1392 2333 1536 2361 Henrieo
1558 2342 1636 2371 rege
1660 2342 1744 2371 cap-

255 2373 364 2407 tivati,
391 2374 423 2403 in
443 2374 669 2403 hereditatem
699 2375 808 2414 patris
831 2374 1008 2403 instituere
1034 2374 1217 2402 nitebatur.
1246 2373 1420 2402 Successit
1444 2377 1557 2402 autem
1576 2373 1685 2402 eidem
1710 2373 1742 2401 in

254 2415 418 2444 comitatu
443 2416 599 2448 Carolus,
626 2416 724 2445 Cunti
751 2416 923 2444 Danorunl
951 2415 1040 2455 regi<
1064 2415 1168 2447 filius,
1195 2425 1234 2443 ex
1261 2414 1366 2443 amita
1387 2415 1479 2453 regis
1500 2415 1649 2444 Franeie.
1678 2414 1743 2443 Nec

255 2456 366 2485 solum
382 2467 438 2485 rex
454 2457 574 2496 Anglic
594 2461 686 2486 tanto
706 2457 802 2486 hoste
820 2457 978 2497 privatus
997 2461 1058 2487 est.
1076 2456 1144 2485 imo
1161 2455 1422 2496 prenominatus
1442 2456 1475 2484 F.

295 2508 326 2527 71.
355 2497 428 2536 ejus
448 2498 481 2527 F.

296 2550 325 2567 ο.
352 2539 553 2569 abhorreret
574 2540 610 2576 D,
632 2540 665 2578 F,
687 2539 725 2569 G.

298 2650 325 2678 'l.
352 2649 505 2678 Baudoin
532 2651 581 2679 fut
604 2650 716 2679 blesse
739 2661 778 2680 en
795 2651 988 2690 septembre
1007 2650 1106 2685 111&
1125 2661 1161 2679 sa
1186 2650 1341 2678 blessure
1362 2648 1568 2678 s'enveniina
1592 2648 1680 2676 faute
1703 2647 1743 2676 de

259 2690 350 2719 seins
369 2701 374 2725 ;
394 2691 478 2719 mai<
503 2691 526 2720 il
551 2702 590 2720 nc
617 2696 753 2721 mourut
774 2703 838 2731 que
857 2692 886 2720 le
913 2692 946 2720 17
968 2691 1040 2731 juin
1064 2692 1153 2722 1119,
1178 2691 1278 2730 api-bs
1306 2691 1338 2718 1⁴)
1359 2689 1442 2719 mois
1462 2689 1502 2718 dc
1519 2688 1739 2718 soufsrances.

259 2731 424 2769 (Oi-dorio.
448 2732 498 2763 IV,
521 2733 606 2772 2316.)
