1846 3184
617 204 687 233 VIE
712 203 765 233 DE
791 202 919 232 LOUIS
944 202 995 231 LE
1021 201 1133 232 GROS
1581 201 1617 230 21

124 283 330 340 jugulum
382 282 683 331 formidantes,
737 287 1087 320 retrocesserunt
1136 287 1178 319 et
1222 294 1273 318 an
1317 285 1511 325 starent,
1564 292 1617 317 an

133 351 278 407 fugam
308 350 503 390 facerent
530 351 684 390 herere
713 354 939 404 ceperunt.
972 345 1117 386 Guido
1147 361 1272 389 vero,
1308 353 1353 385 ut
1383 352 1475 384 erat
1506 352 1617 384 stre-

132 434 244 458 nuus
273 426 315 458 et
351 417 395 457 in
429 426 522 457 arto
552 415 784 473 providus,
822 413 1149 455 Garlandcnses
1182 412 1382 453 consulte
1417 428 1439 451 a
1473 419 1617 452 castro

131 485 299 536 ascivit,
331 500 484 541 pacem
509 483 625 541 regis
652 491 695 523 et
723 481 890 523 domini
922 480 1131 521 Ludoviei
1166 489 1208 520 et
1237 481 1422 537 gratiam
1448 480 1617 535 jureju-

130 552 268 593 rando
314 552 515 597 firmavit,
565 559 607 591 et
644 567 718 591 005
759 557 802 590 et
841 564 990 589 eorum
1035 547 1306 604 [complices]
1326 558 1342 575 ε’
1375 546 1522 587 taliter
1564 546 1617 586 ab

130 619 308 676 incepto
338 619 537 665 removit,
576 633 813 674 eorumque
842 616 1017 656 defectu
1052 623 1095 655 et
1126 614 1219 671 ipse
1254 613 1359 655 Milo
1389 612 1551 654 defecit
1575 621 1618 653 et

129 687 318 728 celerem
342 688 504 745 sugam,
529 686 689 726 insecta
716 683 935 725 fauctione
958 682 988 732 f,
1021 681 1130 723 flens
1156 690 1198 722 et
1220 681 1389 737 ejulans
1412 679 1612 736 arripuit.

130 756 227 807 Quo
250 754 416 804 audito,
445 753 649 795 dominus
672 750 918 793 Lndovicus
947 750 999 790 ad
1026 757 1216 790 castrum
1242 748 1469 789 celerrime
1496 764 1615 789 acce-

129 822 298 873 leravit,
332 830 644 879 compertaque
677 819 876 868 veritate,
913 817 1015 875 quia
1049 817 1186 858 nichil
1221 816 1477 873 perdiderat
1507 832 1616 874 gau-

129 889 278 941 debat,
307 898 351 931 et
382 890 484 946 quia
512 889 717 930 factiosos
750 903 837 927 non
866 885 1095 926 invenerat
1122 893 1169 925 ut
1200 901 1274 925 cos
1298 884 1497 941 patibulo
1524 882 1615 923 assi-

126 966 267 1015 geret,
292 958 482 1004 dolebat.
519 954 865 998 Remanentibus
886 969 1005 1003 vero,
1035 951 1136 1009 quia
1162 952 1307 993 Guido
1327 950 1616 1007 jurejurando

127 1024 390 1075 firmaverat,
419 1040 572 1082 pacem
601 1023 805 1064 dominns
827 1020 1073 1062 Lndovicus
1096 1019 1298 1070 servavit,
1330 1019 1406 1060 sed
1430 1035 1484 1059 nc
1510 1018 1615 1075 quid

127 1091 268 1134 simile
291 1092 502 1148 deinceps
526 1091 802 1139 molirentur,
827 1098 962 1130 totam
988 1087 1119 1129 castri
1146 1086 1444 1128 municionem
1467 1094 1617 1143 preter

126 1159 282 1200 turrim
307 1160 315 1187 ¹
343 1158 520 1215 dejecit.

187 1279 294 1336 [IX.]
326 1279 374 1320 Id
391 1279 506 1320 circa
522 1276 812 1335 te1nporisg'2,
833 1276 1050 1316 illustrem
1071 1274 1433 1315 Anthiochenum
1454 1272 1614 1329 princi-

126 1364 226 1404 pem
256 1346 583 1392 Boamundum,
609 1345 677 1386 cui
701 1344 955 1401 specialiter
975 1343 1046 1384 illa
1071 1343 1243 1400 potenti
1266 1341 1500 1383 obsidione
1522 1341 1615 1398 ipsa

126 1415 323 1471 ejusdem
353 1413 499 1465 urbis,
539 1415 595 1454 ol)
633 1413 698 1454 sui
734 1412 1063 1462 strenuitatem,
1101 1410 1275 1452 reddita
1307 1418 1372 1451 est
1410 1408 1612 1460 munitio,

122 1482 314 1540 contigit
355 1482 408 1523 ad
447 1490 593 1538 partes
642 1481 867 1523 Gallorum
887 1479 905 1508 72
948 1478 1261 1528 descendisse,
1314 1477 1454 1518 virum
1501 1476 1616 1517 inter

127 1549 376 1591 Orientales
409 1550 634 1607 egregium
671 1557 714 1589 et
750 1548 978 1595 famosum,
1019 1549 1142 1603 cujus
1177 1545 1399 1603 quoddam
1426 1560 1614 1603 genero-

124 1633 238 1668 sum,
271 1625 314 1658 et
339 1617 457 1674 qnod
480 1632 705 1673 nunquam
734 1615 828 1656 sine
856 1615 954 1656 diva
980 1631 1109 1655 manu
1137 1613 1231 1655 fieri
1256 1620 1423 1670 posset,
1453 1612 1614 1652 factum

126 1684 256 1726 etiam
286 1684 401 1725 inter
432 1685 552 1741 ipsos
587 1683 899 1741 predicabatur
932 1684 1192 1725 Saracenos.
1225 1683 1333 1723 Cum
1366 1680 1482 1721 enim
1517 1695 1614 1720 eum

125 1761 249 1810 patre
275 1769 352 1793 suo
380 1753 574 1794 Roberto
598 1751 843 1793 Guiscardo
864 1749 875 1779 ἶ
900 1751 990 1791 fere
1014 1750 1030 1790 l'
1050 1749 1391 1791 transmarinum
1418 1746 1613 1788 obsedis-

125 1829 191 1861 set
220 1828 410 1861 castrum
440 1819 709 1861 Durachinm
731 1820 761 1869 ⁴3¹,
797 1818 1337 1860 nec·'l'hcssaloniccnees
1373 1832 1496 1874 gaze,
1534 1831 1614 1856 nec

124 1889 319 1929 thesauri
372 1886 853 1944 Constantinopolitani
875 1920 884 1936 ,
931 1903 1011 1927 nec
1055 1886 1149 1942 ipsa
1197 1883 1355 1926 Grecia
1402 1892 1493 1924 tota
1539 1898 1614 1924 eos

122 1970 274 1996 arcere
304 1955 485 2005 valeret,
520 1955 665 1996 subito
694 1962 795 2011 post
822 1970 897 1995 005
928 1953 1265 1994 transfretantes
1300 1950 1467 1993 domini
1501 1966 1613 2008 pape

163 2077 191 2095 e.
215 2066 401 2106 complices
416 2076 559 2106 manque
576 2065 662 2095 dans
677 2068 752 2094 tous
766 2064 812 2094 les
827 2063 1038 2098 manuscrit&
1056 2063 1143 2102 saus
1153 2064 1190 2093 G.

160 2107 185 2146 fi
212 2107 358 2136 factione
373 2107 411 2137 G.

159 2159 193 2189 g.
220 2149 307 2177 Tont
324 2159 359 2177 cc
384 2147 468 2177 revit
490 2148 535 2177 dn
556 2158 687 2187 voyage
709 2147 749 2176 (10
770 2147 967 2176 Bohemond
991 2157 1030 2176 en
1056 2147 1183 2175 Franee
1203 2155 1350 2184 manque
1374 2144 1459 2173 dans
1486 2142 1615 2182 F(voi1·

121 2193 286 2229 pom-tant
303 2200 369 2218 aux
383 2189 586 2230 additions);
609 2200 673 2229 par
690 2193 817 2225 contre,
837 2200 880 2218 on
898 2189 929 2218 le
945 2192 1103 2218 retrouve
1121 2187 1208 2216 dans
1227 2187 1262 2221 C,
1279 2186 1337 2226 qni
1355 2186 1480 2214 debute
1497 2183 1585 2214 ainsi
1607 2195 1613 2213 1

121 2233 184 2261 Per
202 2230 289 2260 idem
306 2234 444 2270 tempus.

164 2271 195 2302 Ιι,
222 2272 402 2302 Gallarnm
421 2273 455 2301 E.

165 2312 185 2342 i.
213 2313 409 2343 Guichardo
425 2314 465 2349 D;
484 2313 699 2344 Guischardo
714 2313 749 2351 B,
765 2312 800 2347 C,
821 2313 857 2348 E,
875 2313 910 2341 (J.

161 2354 189 2394 j.
216 2356 301 2384 sorte
335 2355 372 2384 B.
404 2355 495 2384 Nous
516 2355 671 2384 donnons
700 2355 770 2393 fere
803 2354 938 2394 d'apres
966 2356 983 2382 5
1010 2352 1240 2388 manuscrits:
1268 2361 1305 2381 ce
1336 2355 1405 2380 mot
1431 2354 1529 2391 porte
1557 2359 1616 2378 sur

125 2395 319 2431 obsedisset,
336 2396 449 2436 lequel
465 2396 599 2436 signific
619 2396 661 2425 ici
678 2396 856 2435 s'emparer
873 2394 924 2424 de.

169 2531 197 2560 1.
224 2532 267 2561 Le
284 2532 416 2562 celebre
439 2532 565 2572 donjon
583 2532 623 2561 (10
644 2532 849 2572 Montlhery,
865 2542 986 2561 encore
1003 2530 1221 2571 aujourd⁷hni
1238 2529 1396 2563 existant,
1419 2527 1618 2568 appartient

125 2572 489 2603 vraiscmblablement
504 2585 545 2603 au
565 2580 642 2603 xur'
660 2573 772 2602 siecle.

171 2615 198 2642 2.
224 2614 268 2643 (ᾂο
286 2625 416 2654 voyage
439 2615 480 2644 de
500 2615 699 2644 Bohemond
717 2614 915 2644 d'Antioehe
936 2618 988 2643 ost
1007 2613 1084 2643 ‹late
1103 2624 1167 2653 par
1185 2612 1328 2642 Orderie
1352 2611 1441 2640 vital
1462 2610 1502 2639 ‹le
1524 2620 1617 2639 mars

130 2654 292 2693 1106(1V‚
312 2656 369 2684 210
387 2661 419 2685 et
438 2656 551 2697 suiv.).
572 2657 615 2685 Ge
634 2656 752 2696 prince
772 2656 886 2685 vcnait
901 2655 1091 2695 accounplir
1111 2666 1154 2683 un
1170 2665 1246 2684 vocu
1266 2653 1327 2682 fait
1343 2663 1407 2692 par
1426 2651 1472 2681 lui
1487 2655 1506 2680 ῑι
1529 2651 1620 2680 saint

129 2696 283 2725 Leonard
300 2696 426 2726 durant
444 2708 480 2727 sa
498 2697 661 2737 eaptivite
680 2708 720 2726 011
736 2697 865 2727 Orient.

133 2738 388 2807 102}3D111·azz0‚
408 2749 448 2768 cn
469 2739 622 2769 Albunie.
655 2739 749 2768 (lette
776 2738 856 2768 ville
884 2738 934 2768 sut
958 2737 1050 2778 prise
1074 2748 1139 2777 par
1166 2735 1363 2767 Bohemond
1392 2735 1421 2765 lc
1447 2736 1464 2763 3
1496 2733 1621 2764 sevriel·
