1846 3184
277 166 333 194 104
944 164 1085 196 SUGER

277 258 388 292 rum,
421 240 690 298 triplicasset
725 241 963 282 exercitum
1001 241 1035 282 si
1063 242 1321 300 tempestive
1350 243 1520 295 scisset,
1558 254 1745 286 extrema

276 313 366 353 acie
394 311 445 352 ad
475 310 774 369 peragendum
802 311 1102 353 ordinabatur.
1137 312 1212 354 His
1250 322 1392 354 autem
1426 314 1620 356 locorum
1657 315 1748 356 affi-

276 378 410 419 nitate
432 377 692 435 propinquis
712 389 728 406 1‘
749 379 835 419 dux
859 379 1092 436 Aquitanie
1117 380 1361 422 Guilelmus
1386 381 1415 431 ¹,
1448 397 1594 423 comes
1623 398 1748 440 egre-

276 445 373 503 gius
413 444 698 496 Britannia&
740 460 886 487 comes
931 447 1169 490 bellicosus
1208 448 1342 490 Fuleo
1387 448 1752 507 Andegavensisss

278 529 445 554 summe
470 513 775 554 emulabantur
793 524 839 563 W,
865 530 915 554 eo
944 514 1061 571 quod
1091 514 1202 557 vires
1234 532 1466 572 exagerare
1493 525 1536 558 ct
1562 519 1752 559 Franco-

278 597 371 622 rum
396 580 597 636 injuriam
619 580 874 638 gravissime
898 580 1053 638 punire
1075 590 1117 622 et
1139 582 1206 624 vie
1231 583 1458 639 prolixitas
1480 592 1523 625 et
1542 584 1752 641 temporis

278 647 468 690 brevitas
510 647 782 705 prohiberet.
837 648 1065 689 Provisum
1110 657 1175 691 est
1221 649 1349 691 etiam
1399 659 1446 691 ut
1489 651 1752 708 ubicumque

278 715 509 768 exercitus,
539 724 640 773 apto
661 725 804 756 tamen
833 715 948 766 loco,
981 725 1200 757 certamen
1236 716 1414 768 inirent,
1444 726 1486 758 et
1510 717 1618 758 carri
1647 721 1754 770 [et]³³

279 792 446 825 carrete
468 799 621 841 aquam
644 792 687 824 et
709 783 856 824 vinum
882 784 1006 824 sessis
1032 792 1074 825 et
1099 784 1301 826 sauciatis
1327 784 1591 834 deserentes,
1617 784 1754 825 instar

279 850 557 892 castellorum
593 850 637 891 in
675 866 836 892 corona
870 851 1137 902 locarentur,
1179 860 1225 892 ut
1267 868 1287 892 a
1323 851 1472 892 labore
1513 851 1671 893 bellico
1696 863 1753 893 ay

277 918 533 960 vulneribus
565 918 840 969 defluentes,
878 918 988 959 inibi
1022 919 1216 975 potando
1248 935 1295 960 ac
1335 918 1543 977 ligaturas
1573 919 1754 961 restrin-

278 986 424 1044 gendo
449 985 668 1036 fortiores,
699 985 890 1026 indurati
917 985 969 1026 ad
995 986 1183 1042 palmam
1212 986 1499 1043 optinendam
1529 996 1755 1027 concerta-

281 1061 391 1094 rent.
420 1052 646 1095 Publicata
668 1052 803 1110 igitur
826 1051 936 1093 tanti
961 1060 1003 1093 et
1036 1061 1121 1093 tam
1158 1052 1374 1094 tremendi
1409 1053 1508 1093 facti
1537 1053 1755 1094 delibera-

280 1120 400 1162 tione
428 1119 628 1177 tantique
659 1120 856 1160 delectus
901 1118 1125 1160 fortissimi
1168 1119 1442 1177 apparitione
1462 1131 1505 1170 ³,
1543 1136 1639 1161 cum
1674 1122 1756 1161 'noc

281 1188 423 1245 ipsum
455 1187 632 1229 auribus
669 1186 947 1244 imperatoris
983 1187 1271 1238 intonuisset,
1310 1187 1518 1228 simulans
1555 1196 1597 1228 et
1627 1187 1756 1228 (lissi-

283 1255 472 1306 mulans,
515 1254 690 1312 palliata
734 1254 966 1296 occasione
1009 1254 1358 1313 subterfugiens,
1408 1254 1512 1295 alias
1562 1255 1704 1296 tendit
1726 1255 1754 1304 4,

283 1322 420 1381 magis
442 1323 610 1381 eligens
632 1321 918 1381 ignominiam
944 1322 1141 1363 defectus
1165 1323 1382 1364 sustinere
1405 1338 1532 1379 quam
1561 1331 1604 1363 et
1625 1322 1756 1379 impe-

284 1392 392 1432 rium
417 1399 459 1432 et
480 1405 712 1448 personam
734 1389 857 1431 ruina
874 1389 1197 1446 periclitantem
1217 1391 1484 1431 Francorum
1504 1389 1759 1447 gravissime

283 1457 438 1499 ultioni
463 1458 761 1515 suppeditare.
788 1460 884 1510 Quo
908 1457 1065 1498 Franci
1089 1464 1332 1514 comperto,
1358 1456 1449 1497 sola
1469 1456 1759 1514 archiepisco-

283 1542 437 1584 porum
478 1534 520 1567 et
557 1524 864 1582 episcoporum
902 1533 944 1565 et
975 1524 1280 1582 religiosorum
1316 1540 1447 1581 prece
1481 1523 1671 1577 virorum
1708 1525 1760 1565 ab

284 1593 400 1634 illius
435 1592 558 1651 regni
596 1591 902 1633 devastacione
943 1600 986 1633 et
1026 1607 1267 1649 pauperum
1300 1591 1587 1648 depressione
1620 1591 1690 1633 vix
1716 1608 1761 1632 se

285 1660 513 1703 continere
544 1660 761 1701 valebant.
797 1661 934 1701 Tanta
962 1658 1099 1717 igitur
1122 1667 1165 1700 ct
1187 1667 1274 1699 tam
1303 1658 1466 1700 celebri
1496 1658 1647 1716 potitis
1670 1660 1761 1700 vic-

284 1728 411 1779 toria,
442 1728 558 1769 idem
596 1728 710 1769 enim
736 1735 809 1769 a‘ut
841 1726 1042 1784 superius
1082 1726 1161 1768 fuit
1194 1742 1322 1784 quam
1349 1726 1384 1767 si
1419 1742 1572 1784 campo
1609 1726 1762 1768 trium-

285 1797 522 1854 phassent,
578 1796 759 1838 Francis
811 1793 1179 1852 repatriantibus,
1236 1810 1310 1835 rex
1361 1793 1626 1835 exhilaratus
1681 1810 1762 1835 nec

286 1863 483 1922 ingratus
513 1863 565 1905 ad
603 1871 878 1920 protectores
915 1878 1016 1903 suos
1045 1861 1346 1903 sanctissimos
1375 1861 1576 1902 martires
1604 1861 1764 1902 humil-

288 1932 388 1973 lime
427 1930 618 1981 devenst,
665 1929 814 1988 cisque
855 1938 956 1987 post
993 1931 1130 1971 Deum
1165 1929 1327 1987 gratias
1364 1945 1542 1986 magnas
1572 1929 1765 1970 referens

330 2054 356 2072 ν.
383 2043 468 2071 Tous
499 2041 544 2070 les
565 2040 764 2070 manuscrits
785 2043 920 2080 portent
949 2039 1176 2080 propinquus,
1208 2039 1266 2079 qni
1287 2038 1396 2068 donne
1427 2050 1469 2068 nn
1497 2049 1571 2068 sens
1600 2039 1767 2075 absurde,-

288 2085 332 2114 M.
361 2083 536 2124 Iluguenin
555 2093 698 2123 propo-se
721 2081 938 2122 propinquis,
963 2082 1022 2121 qui
1045 2091 1128 2109 nous
1150 2081 1267 2120 paruit
1295 2080 1328 2109 la
1356 2079 1515 2109 ve‘ritable
1541 2079 1645 2116 (econ.
1678 2082 1768 2110 Cette

287 2125 381 2165 faute
405 2134 575 2153 commane
592 2123 783 2152 semble-ruit
799 2133 944 2163 pronum·
967 2133 1029 2162 que
1050 2125 1122 2150 toas
1141 2122 1186 2151 les
1205 2122 1404 2151 manuscrits
1424 2122 1465 2151 de
1492 2124 1596 2161 Suger
1619 2120 1766 2151 derivem

288 2167 365 2196 d'un
384 2164 532 2206 original
543 2175 705 2194 commun.

330 2219 370 2237 w.
397 2207 615 2236 emulabatur
634 2206 672 2236 G.

328 2260 362 2278 fr.
388 2252 419 2277 et
437 2258 580 2288 marique
596 2247 682 2276 dans
696 2250 770 2275 tous
784 2245 830 2275 les
848 2245 1058 2279 manuscrits,
1075 2246 1155 2284 sans
1170 2244 1255 2274 dans
1270 2245 1304 2274 F.

331 2301 363 2327 η.
389 2290 437 2318 lei
453 2289 484 2318 la
511 2288 699 2328 ›reposition
722 2298 740 2317 a
760 2287 869 2327 prend
885 2286 913 2316 le
930 2297 1004 2315 sens
1023 2286 1063 2315 de
1081 2291 1234 2326 propter,
1255 2287 1274 2314 ἁ
1293 2297 1402 2315 cause.

331 2342 358 2360 z.
383 2333 474 2360 Dans
492 2300 519 2358 le
538 2340 612 2359 sens
629 2329 870 2369 d'apparatus;
894 2327 1017 2367 faut-il
1038 2328 1183 2367 corriger
1201 2327 1425 2367 apparatione
1444 2338 1522 2356 avec
1539 2326 1567 2356 le
1585 2328 1765 2356 manuscrit

290 2372 337 2402 F?
361 2373 403 2401 (ε
420 2371 554 2401 dernier
571 2374 636 2400 mot
646 2371 763 2410 paraz't
778 2369 949 2399 d'aillears
965 2379 1005 2398 ιιη
1027 2368 1244 2398 barbarisme.

334 2491 361 2520 Ἰ.
387 2489 581 2520 Guillaume
597 2488 667 2518 VII.

331 2532 359 2561 2.
386 2531 499 2560 Conan
525 2531 580 2560 111.

331 2574 357 2601 3.
385 2572 553 2611 Foulques
572 2572 602 2600 le
620 2571 737 2600 Jeune.

329 2614 358 2642 li.
385 2612 615 2642 L'Auctarianz
650 2611 885 2642 Laudzmense.
914 2621 955 2639 ou
987 2610 1074 2639 suite
1100 2610 1139 2639 de
1171 2609 1329 2649 Sigebert
1355 2609 1396 2638 de
1429 2608 1631 2639 Gemblours
1661 2607 1762 2648 (Mon.

291 2656 411 2688 Germ„
442 2656 517 2687 SS.,
540 2653 597 2688 VI,
618 2653 708 2692 443),
733 2652 811 2681 date
844 2652 875 2680 la
906 2651 1043 2680 retraite
1073 2651 1132 2680 des
1168 2650 1364 2680 Allemands
1392 2650 1437 2679 du
1465 2650 1503 2679 19
1524 2649 1584 2679 des
1607 2649 1765 2679 calendes

289 2695 329 2724 de
348 2695 552 2735 septembre,
574 2694 639 2723 soit
656 2694 686 2723 le
705 2694 741 2723 14
759 2697 849 2722 aout.
871 2692 1051 2722 Ekkehard
1069 2692 1264 2731 d'Uraugen
1289 2691 1446 2731 explique
1468 2691 1499 2721 la
1519 2690 1705 2720 resolution
1724 2690 1764 2718 de

288 2736 500 2775 l'Empereur
518 2746 581 2775 par
599 2736 629 2764 le
644 2735 728 2775 petit
742 2734 883 2763 nombre
901 2733 941 2762 de
961 2733 1190 2762 combattants
1209 2732 1264 2771 qui
1281 2732 1439 2761 l'avaient
1459 2731 1558 2761 snivi.
