1846 3184
537 249 604 278 VlE
629 248 682 277 DE
708 247 836 278 LOUIS
862 247 913 276 LE
938 246 1050 277 GROS
1426 283 1428 287 .
1500 248 1536 275 67

57 326 212 368 militie
249 335 393 383 aptus,
429 325 583 366 ulcisci
618 323 662 365 in
695 340 792 365 euni
822 323 1147 380 frequentabat,
1185 332 1227 365 ct
1265 339 1362 366 cum
1392 323 1539 365 multis

58 394 154 436 aliis
206 393 462 444 baronibus,
504 401 594 433 tum
638 391 851 433 avunculo
898 408 976 433 suo
1019 392 1177 433 comite
1224 393 1494 434 Flandrense
1511 402 1541 420 ἠ

61 463 254 505 Roberto
296 461 452 511 accito,
491 459 584 501 viro
624 459 838 510 mirabili,
877 458 1140 500 Christianis
1175 468 1217 501 et
1252 460 1483 502 Saracenis
1521 477 1541 501 a

60 529 303 587 primordio
348 527 698 570 Ierosolimitane
743 526 810 568 vie
854 528 984 568 armis
1032 527 1340 579 saumsissimo,
1382 536 1543 569 terram

60 599 152 654 ejus
186 597 435 654 exponebat
459 597 486 636 ¹.
521 596 648 638 Unde
683 612 780 636 cum
805 595 992 653 quadam
1027 595 1098 636 die
1127 595 1342 637 Meldensi
1381 595 1543 637 civitati

61 664 301 706 exercitum
333 663 580 705 induxisset
612 671 764 704 contra
792 662 996 704 comitem
1015 673 1053 713 η,
1095 663 1189 704 viso
1228 680 1295 714 eo,
1337 664 1546 705 frendens

63 732 106 774 in
137 748 235 774 eum
274 739 317 773 et
346 748 447 773 suos
473 730 631 772 insiliit
649 743 682 781 ⁰,
717 747 797 771 nec
824 729 1030 788 fugitivos
1064 730 1228 772 veritus
1263 748 1342 789 per
1366 740 1547 789 pontem

65 799 253 858 insequi,
293 799 569 857 prosternitl’
608 807 651 841 et
692 809 825 840 cuin?
867 798 1028 840 comite
1066 800 1261 841 Roberto
1303 808 1346 841 et
1389 800 1548 842 ceteris

64 870 189 927 regni
240 867 525 925 optimatibus
575 867 735 926 gladiis
793 875 949 925 sponte
1006 867 1297 909 decidentes?
1344 867 1550 910 fluctibus

64 936 257 977 involvit.
284 935 462 979 VirumS
490 935 741 993 expeditum
765 937 1005 976 Hectoreos
1027 934 1200 976 videres
1222 952 1395 977 movere
1418 935 1550 977 lacer-

63 1013 147 1052 tos,
191 1020 323 1061 super
361 1011 541 1060 pontem
581 1003 818 1044 tremulum
852 1001 1086 1061 giganteos
1127 1003 1318 1060 impetus
1351 1002 1549 1055 actitare,

67 1073 268 1129 ingressu
316 1070 566 1128 periculoso
617 1071 723 1122 niti,
774 1070 1006 1128 permultis
1056 1067 1353 1113 renitentibus
1406 1071 1552 1113 villam

66 1155 299 1196 occupare,
343 1138 461 1196 quod
500 1154 579 1180 nce
612 1138 902 1196 interpositus
936 1155 1122 1197 magnus
1166 1141 1365 1181 Materne
1400 1139 1554 1181 fluvius

69 1208 341 1265 prohiberet,
380 1206 413 1247 si
454 1214 575 1248 trans
607 1206 766 1248 flumen
802 1215 927 1264 porta
955 1207 1101 1248 clausa
1140 1224 1227 1249 non
1266 1208 1552 1250 restitissett.

68 1277 158 1318 Nec
186 1274 329 1316 minus
355 1274 554 1332 preclaro
582 1275 774 1316 facinore
804 1274 1079 1316 strenuitatis
1106 1276 1261 1317 famam
1287 1276 1555 1325 nobilitavit,

70 1360 167 1384 cum
204 1341 465 1385 Latiniano?
510 1344 750 1384 exercitum
796 1359 991 1394 movens,
1032 1343 1228 1385 obvianti
1270 1343 1461 1386 militieu
1514 1344 1557 1385 in

70 1419 192 1470 grata
221 1418 445 1468 pratorum
478 1410 661 1468 planitie
690 1412 812 1468 juxta
846 1413 1118 1468 Pomponam
1140 1413 1155 1440 3
1178 1428 1296 1453 arma
1322 1412 1557 1462 convertit,

72 1479 215 1537 sugam
245 1479 433 1521 celerem
468 1478 635 1520 crebris
670 1479 876 1521 affectare
902 1479 1022 1537 cogit
1053 1480 1251 1538 colaphis
1273 1491 1303 1520 ν.
1343 1481 1429 1535 Qui
1463 1496 1560 1522 cum

72 1547 219 1605 pontis
253 1546 440 1604 proximi
474 1555 614 1588 artum
642 1547 930 1589 formidarent
958 1546 1210 1599 introitum,
1248 1548 1320 1590 alii
1354 1565 1399 1590 se
1432 1548 1561 1590 inllu-

74 1624 222 1657 ctuare
246 1615 505 1673 gravissimo
542 1615 693 1656 mortis
725 1615 922 1673 periculo
957 1615 1111 1658 timide
1153 1617 1438 1658 consulentes
1477 1616 1564 1658 vite

75 1699 164 1725 non
191 1682 434 1724 timuerunt
453 1717 462 1734 ,
501 1682 590 1734 alii,
614 1682 782 1741 scipsos
802 1691 981 1741 pontem
1007 1683 1295 1742 preripiendo
1324 1685 1561 1734 calcantes,

76 1766 194 1791 arma
232 1749 429 1800 reitiunt,
469 1758 512 1791 et
554 1750 756 1792 hostibus
793 1750 875 1792 sibi
917 1750 1197 1801 hostiliores,
1244 1752 1347 1793 dum
1386 1751 1564 1794 insimul

119 1891 159 1909 m.
186 1878 382 1909 Frandense
399 1880 423 1908 A
439 1889 445 1914 ;
466 1878 669 1908 Flandrcnsi
686 1879 722 1913 E,
742 1879 780 1909 G.

117 1932 148 1950 ιι.
175 1920 320 1950 eundem
334 1921 505 1956 comitem,
523 1925 555 1950 et
569 1920 660 1950 idem
677 1931 790 1950 comes
809 1921 949 1951 exiisset
962 1925 1082 1952 contra
1097 1932 1175 1952 eum
1191 1921 1224 1952 in
1240 1922 1364 1953 bellico
1383 1928 1566 1963 ¹apparatu,

80 1962 154 1993 viso
172 1963 206 1991 F.

120 2015 151 2034 ο.
178 2003 312 2039 insiliit,
331 2003 448 2033 hostes
468 2004 585 2044 sugere
606 2003 774 2044 compulit
792 2003 826 2033 F.

118 2057 151 2086 μ
180 2045 306 2115 multo?
329 2055 368 2074 cx
384 2045 434 2116 le3is
453 2044 652 2085 prosternit,
674 2045 799 2075 multos
822 2045 984 2075 fluctibus
999 2046 1145 2076 involvit
1161 2047 1195 2076 F.

124 2098 155 2127 q.
181 2097 260 2116 cum
301 2090 367 2116 eest
416 2110 422 2116 .

123 2139 149 2158 r.
176 2132 296 2169 sponte
314 2127 490 2158 decidente
509 2127 533 2157 B
551 2138 557 2163 ;
582 2131 684 2168 ponte
702 2127 897 2158 decidentes
919 2128 956 2158 D.
980 2132 1023 2159 La
1040 2129 1130 2166 lefon
1153 2129 1295 2170 adopte'e
1313 2141 1333 2159 α
1354 2134 1403 2161 ete
1422 2131 1571 2161 tradm'ce

77 2180 145 2210 par
158 2169 208 2200 les
226 2169 439 2210 Chroniques
457 2169 497 2198 de
512 2169 609 2199 s.-D.

124 2223 151 2241 s.
176 2212 271 2241 Nunc
289 2211 436 2241 vidisses
455 2211 568 2240 virum
589 2211 623 2240 F.

125 2256 149 2283 t.
174 2257 310 2294 portam
328 2252 443 2282 hostes
462 2263 528 2281 non
546 2252 754 2282 clausissent
770 2252 806 2282 F.

128 2305 159 2324 ιι.
186 2294 308 2323 militie
322 2294 457 2323 comitis
476 2294 511 2323 F.

128 2347 156 2366 ν.
183 2335 300 2366 hostes
317 2335 409 2375 cogit
424 2335 577 2375 arripere
594 2335 628 2363 F.

132 2497 159 2526 1.
187 2497 249 2527 Ces
268 2497 482 2538 expeditions
501 2497 639 2527 doivent
657 2500 727 2527 ctrc
746 2501 948 2538 rapportecs
967 2511 1032 2529 aux
1049 2500 1204 2531 dcrniers
1224 2502 1310 2531 mois
1331 2502 1372 2532 de
1392 2502 1459 2532 l'an
1486 2503 1578 2537 llll:

92 2549 133 2568 en
151 2538 239 2573 effet,
264 2539 346 2568 c'est
371 2539 457 2568 (lans
484 2543 569 2569 cette
596 2543 734 2579 attaquc
754 2545 869 2570 conti-c
897 2541 1016 2571 Mcaux
1041 2553 1104 2582 quc
1128 2543 1218 2582 perit
1241 2544 1378 2579 Robcrt,
1410 2549 1519 2574 cotntc
1541 2545 1581 2574 (le

95 2580 252 2614 Flandre,
278 2580 308 2610 lc
325 2581 343 2609 4
369 2581 507 2610 octobre
531 2580 669 2610 suivant
694 2581 742 2610 los
769 2593 850 2615 uns.
880 2583 910 2612 le
937 2585 953 2612 5
986 2583 1166 2613 decembre
1194 2584 1331 2614 suivant
1359 2586 1408 2614 les
1442 2591 1580 2621 nnlrcs;

94 2632 137 2651 on
167 2621 252 2650 n'cst
282 2625 340 2651 sur
370 2632 434 2662 que
461 2621 502 2651 dc
531 2622 673 2658 l'anncc,
707 2623 793 2652 llll.
823 2623 874 2663 (V.
904 2624 1046 2654 Orderic
1073 2625 1174 2661 Yiiul,
1203 2626 1255 2659 lv,
1276 2629 1361 2655 2903
1381 2628 1423 2656 [jc
1447 2628 1584 2657 ‹lcrnicr

95 2666 218 2692 auteur
234 2663 440 2692 transformc
458 2663 634 2693 d'aillcurs
654 2674 693 2693 cn
717 2664 817 2694 cchec
836 2665 972 2695 l'uction
992 2677 1055 2706 quc
1078 2669 1188 2707 Sugcr
1206 2672 1370 2708 rnpportc
1388 2680 1518 2698 comme
1540 2680 1584 2698 un

98 2705 215 2733 succ'es
235 2703 275 2732 de
296 2704 395 2733 Louis
418 2704 468 2734 Vl.

139 2746 168 2775 2.
195 2745 544 2785 Lagny-sur—Marne,
566 2746 872 2777 Scin(·-ct-lllai·nc⁴

98 2827 120 2858 b
139 2787 404 2857 3'dP⁰¹¹1¹p(ilm⁰'
430 2787 734 2825 ὅείιιο-υῑ-Μιιωιο,
760 2793 849 2819 cant.
870 2788 910 2819 de
929 2789 1057 2831 Lugny,
1078 2802 1121 2822 au
1147 2791 1263 2822 inilieu
1287 2791 1346 2822 des
1365 2793 1512 2833 pruiries
1531 2794 1587 2834 qui

124 2838 162 2858 or
189 2832 245 2858 ent
275 2838 294 2858 a
312 2841 320 2857 l
346 2838 438 2858 arne.
