1846 3184
364 170 502 201 TABLE
526 170 581 200 ET
605 169 817 199 EXTRAITS
843 169 900 199 DU
926 168 995 199 MS.
1022 168 1115 198 LAT.
1141 170 1220 198 5949
1243 170 1268 199 Α
1509 169 1564 198 133

78 248 132 278 hic
159 249 368 278 Francorum
392 258 464 277 mos
492 257 557 276 non
582 250 665 280 erat,
687 245 744 275 sed
770 256 846 274 mox
870 245 951 285 quid
974 244 1192 282 incommodi,
1215 245 1297 286 quid
1315 245 1523 275 calamitatis
1544 257 1562 275 a

77 301 171 342 regia
195 301 371 341 majestate
388 300 604 330 subditorum
622 302 793 328 mereatur
810 298 1024 327 contumacia
1040 298 1292 328 animadvertit.
1313 298 1463 328 Collecto
1481 309 1562 338 ergo

77 351 237 385 exercitu,
263 351 354 380 illico
383 351 534 379 famosus
555 348 691 388 juvenis
716 348 748 377 in
776 358 853 377 cum
876 358 972 377 arma
998 348 1102 376 movit
1126 352 1157 377 et
1184 348 1217 376 in
1244 348 1428 388 complices
1451 347 1561 388 ipsius

75 401 328 435 consedet-atos,
360 400 487 440 quippe
520 398 714 430 Matheum„
757 398 1059 428 Bellimontensem
1099 398 1278 431 comitem,
1310 402 1342 427 et
1374 398 1561 427 Droconem

75 450 366 483 Munciacensem,
404 450 495 479 viros
538 454 694 478 strenuos
728 452 760 477 et
794 448 997 482 bellicosos,
1032 458 1117 487 quos
1154 447 1243 476 idem
1278 448 1479 477 Buchardus
1519 448 1561 477 ad

74 501 301 530 resistendum
319 500 499 530 asciverat.
518 499 582 535 Qui
602 504 712 529 tamen
736 499 913 528 audientes
936 498 1121 527 adventum
1139 498 1267 527 domini
1289 498 1463 533 Ludoviei,
1484 499 1561 528 inde

74 553 181 582 territi
209 557 362 583 castrum
385 552 716 583 Montismorenciaci
740 552 967 585 intraverunt,
999 551 1172 580 debellare
1205 551 1423 591 designatum
1449 552 1560 582 domi—

72 613 153 632 num
170 614 235 633 non
251 603 426 633 audentes.
449 603 640 632 Ludovicus
663 603 780 642 igitur,
803 606 932 631 terram
955 601 1108 641 ejusdem
1127 601 1299 630 Buchardi
1324 601 1558 642 depop111anS‚

72 653 258 694 municipia
275 658 308 683 et
325 654 474 683 incurtes
490 658 604 694 preter
618 657 770 682 castrum
788 652 989 682 subvertens
1012 651 1260 691 pessumdedit,
1284 651 1452 685 incendio.
1472 653 1559 682 same

71 710 103 736 et
121 706 237 746 gladio
254 707 383 747 absque
400 706 594 736 resistentia
612 705 783 735 contrivit.
804 704 866 740 Qui
883 709 996 734 autem
1015 705 1047 734 in
1066 709 1179 734 castro
1198 708 1306 740 erant,
1333 704 1375 734 ad
1395 705 1559 735 resisten-

73 756 155 786 tiam
174 767 208 786 se
228 761 402 797 parantes,
422 756 507 786 illud
526 756 667 786 reddere
685 756 880 785 noluerunt.
901 754 1012 790 Quare
1035 754 1121 783 illud
1140 754 1230 784 idem
1250 754 1442 784 Ludovicus
1464 755 1558 785 obsi-

71 806 170 836 dione
186 807 393 836 Francorum
413 811 444 836 et
468 806 729 836 Flandrensium
749 805 813 835 sibi
837 805 880 834 ab
898 805 1067 834 avunculo
1086 816 1146 834 suo
1166 805 1313 834 Roberto
1333 805 1559 835 transmisso-

71 867 147 886 rum
167 857 288 889 cinxit.
309 861 341 886 et
357 862 406 887 tot
426 862 457 886 et
477 857 579 886 tantis
603 855 764 886 contrivit
783 855 993 890 assultibus,
1014 854 1120 884 donec
1138 854 1316 884 dominum
1338 854 1557 885 humiliatum

70 907 181 947 coegit
210 907 345 936 veniam
374 908 561 947 postulare,
590 907 772 946 ipsumque
795 905 964 935 voluntati
992 909 1024 934 et
1054 905 1270 945 beneplacito
1302 916 1362 933 suo
1388 906 1555 941 curvavit,

70 957 303 997 postulantem
322 961 357 986 ut
371 957 634 987 commotionem
652 956 852 985 terminaret
870 955 912 985 ad
929 965 987 985 sue
1007 955 1261 995 beneplacitum
1279 955 1480 985 voluntatis.
1498 956 1557 986 His

70 1008 230 1047 peractis,
257 1019 333 1038 mox
359 1008 545 1038 Droconem
574 1007 847 1037 Munciacensem
871 1017 933 1046 pro
957 1006 1010 1035 his
1036 1010 1068 1035 et
1095 1005 1172 1035 aliis
1197 1006 1323 1041 causis,
1352 1011 1384 1036 et
1412 1006 1557 1036 maxime

68 1057 212 1087 ecclesie
234 1057 432 1087 Belvacensi
452 1057 614 1098 irrogatis
635 1056 768 1096 injuriis
788 1067 976 1097 aggressus
998 1060 1060 1090 est,
1081 1060 1113 1086 et
1129 1066 1250 1086 versus
1275 1061 1427 1086 castrum
1446 1056 1556 1096 ipsius

68 1119 145 1137 cum
162 1108 261 1148 eopia
278 1113 512 1148 pugnatorum
530 1112 563 1137 et
578 1119 702 1148 magna
720 1107 862 1136 militari
880 1111 912 1136 et
930 1107 1111 1136 balistaria
1128 1118 1229 1136 manu
1246 1107 1350 1136 flectit
1365 1108 1439 1136 iter.
1458 1106 1555 1142 Quod

68 1158 210 1188 audiens
234 1158 345 1188 dictus
368 1159 487 1190 Droco.
513 1169 590 1187 cum
616 1158 686 1187 suis
710 1168 817 1198 prope
841 1162 994 1187 castrum
1018 1157 1109 1191 exiit,
1138 1162 1175 1187 ut
1201 1162 1321 1187 contra
1344 1157 1555 1187 Ludovicum

67 1213 256 1249 pugnaret,
284 1209 341 1239 sed
362 1209 428 1239 cito
453 1209 517 1238 hue
542 1209 726 1238 adveniens
751 1212 783 1238 et
806 1208 840 1237 in
866 1219 943 1237 eum
967 1208 1122 1241 irruens,
1146 1219 1222 1237 mox
1248 1219 1325 1237 eum
1343 1207 1557 1237 retrocedere

67 1263 286 1300 castrumque
310 1259 443 1300 ingredi
468 1270 642 1289 armorum
666 1259 890 1300 oppressione
915 1258 1037 1298 coegit.
1066 1259 1202 1298 Absque
1235 1269 1268 1288 se
1295 1263 1407 1288 tamen
1438 1259 1554 1288 hostes

66 1310 199 1349 ingredi
220 1321 285 1340 non
311 1310 479 1350 permisit,
505 1321 582 1339 nam
603 1310 737 1339 irruens
761 1309 849 1339 inter
867 1319 924 1338 eos
943 1313 975 1339 et
997 1320 1075 1338 cum
1094 1308 1142 1338 eis
1168 1320 1228 1349 per
1251 1313 1400 1349 portam,
1424 1313 1461 1339 ut
1483 1313 1556 1338 erat

68 1360 278 1390 fortissimus
307 1360 487 1400 palestrita
516 1364 548 1389 et
576 1359 775 1400 spectabilis
803 1358 987 1399 gladiator,
1016 1358 1173 1399 pervenit
1197 1369 1303 1399 usque
1335 1358 1377 1388 ad
1404 1358 1554 1388 medium

66 1410 182 1440 castri.
203 1411 296 1440 Tunc
319 1411 439 1441 crebro
457 1421 642 1451 percussus
662 1415 694 1440 et
714 1410 834 1439 erebro
851 1409 1060 1450 percutiens,
1082 1409 1214 1438 nullam
1232 1409 1303 1449 pati
1322 1409 1485 1449 dignatus
1503 1413 1554 1439 est

67 1461 254 1501 repulsam,
278 1472 337 1491 nec
363 1461 520 1491 recedere
543 1461 652 1491 voluit
674 1460 780 1490 donec
798 1471 876 1489 cum
901 1459 1115 1499 supellectile
1136 1463 1245 1489 totum
1269 1464 1423 1489 castrum
1446 1470 1554 1500 usque

64 1511 107 1540 ad
124 1512 228 1541 turris
243 1512 457 1552 procinctum
472 1511 628 1541 incendio
645 1510 886 1540 concremavit.
907 1510 1016 1539 Tanta
1034 1509 1098 1539 viri
1113 1514 1184 1539 erat
1201 1510 1415 1545 animositas,
1436 1514 1471 1539 ut
1493 1520 1553 1539 nec

63 1561 259 1591 incendium
274 1561 445 1591 declinare
464 1566 610 1597 curaret,
626 1572 703 1591 cum
721 1560 794 1590 etei
813 1565 845 1590 et
864 1560 1026 1590 exercitui
1045 1560 1278 1600 periculosum
1293 1564 1383 1590 esset
1398 1565 1430 1590 et
1445 1561 1553 1590 multo

64 1615 217 1652 tempore
250 1612 435 1641 maximam
474 1612 501 1641 ei
537 1612 739 1642 raucitatem
777 1615 968 1651 generaret.
1002 1610 1056 1640 Sic
1091 1610 1311 1640 humiliatum
1345 1611 1377 1640 in
1411 1610 1552 1640 brachio

62 1662 201 1692 virtutis
220 1662 290 1697 Dei,
313 1662 369 1703 qui
394 1663 429 1692 in
450 1673 554 1692 causa
581 1667 664 1693 erat.
689 1661 881 1702 subjectum
904 1666 1068 1701 tanquam
1094 1661 1254 1690 clinicum
1280 1661 1468 1690 voluntatis
1494 1672 1551 1690 suc·

65 1711 185 1742 ditioni
205 1712 416 1753 subjugavit.

107 1780 154 1810 DE
171 1790 262 1810 REGE
280 1781 414 1811 ANGLlE
430 1791 473 1811 ET
491 1791 666 1818 QUOMODO
682 1790 791 1811 PRIMO
808 1791 840 1810 IN
861 1782 997 1810 ANGLIA
1013 1789 1234 1810 PRoHIsslTUM
1254 1788 1347 1814 FUIT,
1366 1790 1409 1809 NE
1428 1790 1550 1810 Μυεκ-

65 1839 176 1860 DOTEs
194 1840 346 1860 AMPLIUS
363 1840 498 1860 uxOIIIxs
518 1840 716 1861 DL'CERENT.
737 1829 853 1873 (Hem-i
866 1830 906 1858 (le
921 1829 1148 1870 Iluntingdon,
1168 1840 1200 1869 p.
1218 1830 1301 1868 ³2:34.)

106 1899 153 1928 DE
167 1907 391 1929 IMPERATORE
412 1899 582 1928 HENRICO.
601 1898 775 1939 (Chapitre
789 1898 829 1927 de
848 1900 864 1927 3
880 1897 1012 1938 lignes.)

104 1965 282 2001 QUOMODO
302 1976 476 1997 INCLYTUS
496 1977 642 1997 ,iuvemus
670 1976 830 1997 DOMINus
848 1966 1054 1997 Luoowcus
1077 1976 1239 1996 CAs'IRUM
1262 1976 1306 1996 DE
1334 1966 1548 1996 Lusmumus

63 2017 241 2047 MATHEUM
266 2017 593 2048 BELLnIon-'rexsffll
612 2027 832 2048 REs'I’ITUERE
851 2026 991 2051 GOEGIT,
1012 2026 1054 2047 ET
1073 2027 1248 2053 QUOMODO
1269 2026 1440 2047 Osssloizxs
1457 2017 1548 2046 CAN-

61 2076 215 2103 LIACUM,
251 2077 362 2098 ToTus
396 2078 479 2098 Iasus
509 2078 703 2099 EXERCITUS
744 2077 988 2102 DEPERIISSET,
1018 2077 1088 2097 lel
1123 2077 1197 2097 [με
1231 2077 1339 2097 sotus
1376 2077 1547 2098 ronrrrcu

62 2126 298 2148 RESTITISsET.

102 2185 171 2215 Hoc
200 2196 288 2215 anno
318 2186 597 2216 Bellilnontensis
624 2197 737 2216 comes
766 2187 921 2216 Matheus
943 2191 1061 2216 eontra
1087 2187 1265 2225 Hugonem
1291 2186 1547 2216 Claromonten-

61 2246 144 2270 sem,
166 2235 279 2265 virum
303 2236 464 2271 nobilem,
486 2236 544 2266 sed
567 2237 729 2266 mobilem
750 2241 781 2266 et
801 2237 1004 2277 simplicem,
1025 2236 1122 2276 cujus
1140 2236 1248 2265 filiam
1271 2236 1414 2266 duxerat
1442 2247 1547 2276 spon-

60 2295 145 2322 sam,
170 2285 273 2325 longo
301 2285 405 2315 animi
433 2297 574 2316 rancore
601 2287 821 2321 contendens,
848 2291 1000 2316 castrum
1024 2286 1160 2316 nomine
1186 2286 1422 2321 Lusarchium,
1449 2286 1546 2326 cujus

60 2335 278 2365 medietatem
307 2347 412 2365 causa
441 2336 591 2377 conjugii
620 2341 834 2377 susceperat,
866 2341 975 2366 totum
1006 2347 1173 2376 occupare
1203 2341 1345 2365 conatus
1374 2341 1442 2372 est,
1481 2337 1545 2366 sibi

58 2385 183 2415 turrim
209 2396 343 2426 quoque
370 2390 538 2415 armatam
570 2387 652 2416 viris
677 2391 709 2416 et
732 2387 940 2416 victualibus
968 2387 1111 2418 munire,
1142 2391 1178 2415 ut
1200 2386 1546 2426 circnmadjaeentcm

60 2435 208 2475 patriam
224 2435 288 2465 sibi
308 2435 466 2466 redderet
485 2436 685 2477 subjectam.
709 2437 896 2477 Occupatio
918 2437 1073 2478 predicta
1091 2437 1124 2466 in
1144 2437 1371 2477 prejudicium
1392 2437 1546 2476 Hugonis

59 2485 273 2522 vertebatur,
300 2486 358 2526 qui
390 2486 528 2516 tandem
559 2487 677 2516 videns
708 2497 743 2516 se
773 2487 974 2528 aliquandiu
1001 2492 1118 2517 contra
1146 2487 1319 2517 Matheum
1347 2487 1481 2516 nunciis
1514 2491 1547 2516 et

60 2535 251 2565 monitoriis
270 2536 383 2566 verbis
404 2537 581 2566 laborasse
606 2537 638 2566 in
668 2548 826 2573 vacuum,
847 2537 889 2567 ad
917 2537 1133 2567 defensorem
1152 2537 1247 2577 regni
1268 2537 1419 2571 Francic,
1440 2537 1545 2566 domi-

60 2595 140 2615 num
167 2585 388 2623 Ludovicum,
414 2586 524 2616 filium
548 2587 639 2626 regis
665 2587 829 2628 Philippi,
859 2588 1036 2623 festinans,
1064 2588 1209 2628 pedibus
1235 2586 1306 2626 ejus
1335 2591 1542 2627 prostratus.

57 2637 187 2668 obortis
206 2638 379 2679 lacrymis,
400 2640 575 2680 supplicat
591 2644 625 2670 ut
645 2640 717 2670 seni
741 2640 991 2671 condescendat
1008 2645 1037 2670 et
1058 2640 1265 2680 gravissime
1283 2645 1427 2680 gravato
1445 2651 1545 2680 opem

60 2689 157 2718 ferat.
174 2700 187 2718 ((
213 2688 312 2721 Malo.
329 2690 450 2730 inquit,
470 2690 649 2720 carissime
664 2690 811 2724 domine,
831 2695 862 2721 te
881 2695 1008 2721 terram
1025 2702 1135 2721 meam
1154 2695 1260 2720 totam
1276 2690 1413 2727 habere,
1431 2691 1511 2731 quia
1526 2702 1544 2720 a

61 2743 91 2768 te
114 2749 189 2768 eam
217 2739 387 2779 possideo,
419 2751 520 2780 quum
552 2751 656 2781 gener
682 2752 777 2770 meus
805 2741 954 2781 degener
978 2741 1065 2771 hanc
1093 2741 1216 2780 injuste
1244 2741 1436 2781 possideat.
1458 2742 1542 2770 mori
