1846 3184
575 175 645 205 VIE
668 174 722 206 DE
746 174 875 205 LOUIS
900 174 951 204 LE
977 173 1088 205 GROS
1516 171 1575 202 107

94 254 351 296 effrenatum
383 269 663 311 compescere
695 252 842 311 regie?
873 252 1113 308 majestatis
1139 252 1287 310 gladio
1314 248 1574 307 suppliciter

95 322 317 381 efflagitat.
366 324 456 364 Rex
492 330 650 371 autem,
696 329 743 362 ut
777 329 1064 362 consueverat
1101 319 1300 361 ecelesiis
1334 317 1573 376 promptis-

95 390 202 432 sime
235 389 455 448 opitulari,
487 405 659 430 eausam
694 388 773 430 Dei
802 396 1027 446 gratanter
1055 388 1131 428 scd
1164 396 1418 444 sumptuose
1451 401 1572 426 assu-

95 476 239 509 mens,
297 458 398 515 quia
442 457 588 499 verbis
640 466 681 498 et
741 455 979 512 majestatis
1029 472 1103 496 sue
1158 454 1302 512 sigillo
1352 453 1574 494 tirannum

93 528 315 584 corrigere
344 542 431 567 non
453 527 581 576 valet,
611 526 723 567 facto
746 534 984 578 maturans,
1010 524 1221 564 militares
1251 521 1419 579 colligit
1441 521 1570 571 vires,

93 603 235 635 movet
278 596 322 635 in
354 594 604 635 Alverniam
645 593 998 634 recalcitrantem
1041 592 1267 648 copiosum
1305 592 1573 631 Francorum

92 663 344 704 exereitum.
373 663 452 703 Cui
480 661 696 703 Bituricus
721 659 973 702 adventanti
1002 658 1124 717 regni
1151 657 1401 715 optimates,
1427 672 1573 698 comes

92 729 328 771 bellicosus
357 730 688 789 Andegavensis
720 729 878 779 Fumo,
916 744 1063 769 comes
1097 725 1431 784 potentissimus
1477 723 1573 765 Bri-

92 797 241 838 tannie
268 799 492 849 Conanus,
524 815 670 840 comes
697 797 900 855 egregius
929 794 1230 845 Nivernensis,
1265 792 1476 850 multique
1502 792 1575 833 alii

91 865 215 923 regni
266 882 494 922 proceres,
532 882 661 906 manu
699 880 855 923 magna
896 863 1097 914 militari,
1147 863 1272 920 regni
1314 860 1572 902 debitores1

91 942 356 984 occurrunt,
397 933 439 974 in
468 934 682 975 Alvernos
720 932 924 989 injuriam
960 930 1147 973 ecclesie
1180 939 1223 972 et
1262 930 1386 988 regni
1420 927 1575 970 ulcisci

88 999 364 1042 festinantes.
411 1003 587 1042 Terram
639 1001 786 1057 itaque
832 1000 1024 1041 hostium
1075 998 1420 1055 depopulantes,
1474 1012 1571 1037 cum

88 1067 251 1108 civitati
301 1068 652 1110 Claroinontensi
712 1068 1089 1126 propinquarent,
1140 1065 1318 1107 Alverni
1376 1063 1572 1122 presidio

88 1135 292 1187 civitatis,
332 1136 433 1193 quia
450 1136 472 1177 J'
505 1136 752 1194 peroptime
787 1144 879 1177 erat
915 1136 1097 1186 munita,
1144 1133 1311 1175 relictis
1351 1131 1571 1173 montanis

87 1203 351 1245 acutissimis
380 1203 573 1245 castellis
597 1238 605 1254 ,
640 1221 685 1245 se
719 1203 1048 1245 commiserunt.
1087 1201 1215 1244 Unde
1247 1199 1432 1251 Franci,
1465 1215 1571 1240 con-

88 1271 199 1312 sulte
228 1288 376 1313 eorum
409 1271 665 1313 deridentes
695 1271 1022 1330 simplicitatem
1055 1279 1097 1312 et
1128 1269 1180 1310 ad
1207 1271 1361 1310 urbem
1388 1268 1572 1309 tendere

86 1339 359 1390 differentes,
389 1349 435 1381 ut
460 1348 533 1381 aut
558 1340 779 1382 civitatem
809 1338 1084 1381 dimitterent
1109 1355 1163 1380 ne
1192 1337 1370 1379 castella
1399 1337 1572 1377 amitte-

86 1415 199 1457 rent,
227 1416 299 1449 aut
327 1407 361 1448 si
380 1406 397 1436 Ᾰ·
426 1416 706 1449 remanerent
727 1406 904 1448 interim
930 1405 1135 1447 victualia
1157 1413 1485 1454 consumerent,
1517 1403 1569 1444 ad

86 1483 276 1516 castrum
316 1475 629 1533 peroptimum,
684 1478 872 1517 Pontum
921 1475 1098 1516 nomine
1119 1475 1160 1525 ⁸3,
1213 1488 1344 1530 super
1392 1471 1569 1513 fluvium

85 1542 269 1583 Hilerim
295 1541 307 1571 l
337 1542 623 1585 diverterunt.
657 1544 785 1585 Ubim
811 1542 1152 1599 circumquaque
1176 1540 1412 1598 temptoria
1435 1540 1568 1597 figen-

83 1618 165 1661 tes,
197 1626 308 1667 eque
339 1611 466 1667 plana
493 1620 534 1652 et
557 1611 689 1652 ardua
722 1610 954 1668 diripiunt,
985 1609 1190 1668 gigantea
1218 1608 1398 1650 audacia
1427 1608 1567 1649 celum

84 1678 266 1719 tendere
311 1679 556 1730 videntur„
586 1679 689 1720 dum
740 1678 1032 1720 munitissima
1080 1677 1294 1719 montium
1341 1675 1567 1718 cacumina

82 1746 346 1804 preripiunt,
377 1747 534 1804 predas
564 1763 651 1788 non
679 1756 848 1788 tantum
875 1763 1123 1804 peccorum,
1162 1746 1239 1787 sed
1274 1754 1316 1786 et
1353 1760 1563 1802 peccora-

83 1813 189 1855 lium
246 1814 473 1856 hominum
536 1814 758 1872 superfluo
813 1814 942 1856 etiam
997 1815 1205 1856 educunt.
1272 1815 1568 1854 Instrumenta

84 1882 407 1940 impugnatoria
443 1884 551 1924 turri
591 1883 789 1939 ejusdem
824 1882 993 1924 castelli
1027 1882 1328 1940 applicanteS,
1366 1897 1567 1922 saxorum

83 1949 311 1991 molarium
336 1950 518 2008 impetu,
551 1950 808 2009 sagittarum
830 1950 1044 2008 inpluvio,
1077 1950 1210 1991 multa
1240 1966 1314 1990 eos
1347 1957 1491 2007 strage
1514 1948 1566 1989 ad

83 2017 360 2060 dedicionem
395 2019 682 2076 compellunt.
722 2021 818 2073 Quo
859 2019 1025 2071 audito,
1072 2020 1146 2077 qui
1186 2018 1406 2060 civitatem
1443 2025 1567 2058 tene-

83 2087 204 2136 bant,
231 2086 387 2128 timore
413 2086 629 2145 percussi,
661 2086 802 2128 simile
828 2095 900 2128 aut
930 2088 1105 2145 gravius
1131 2086 1236 2145 quid
1262 2094 1562 2144 expectantes,

82 2154 225 2212 sugam
246 2163 416 2212 parant,
442 2154 660 2196 civitatem
690 2164 850 2197 exeunt
875 2172 1056 2214 eamque
1082 2155 1199 2213 regis
1228 2154 1412 2196 arbitrio
1434 2155 1562 2195 dere-

82 2222 302 2280 linquunt.
342 2225 432 2265 Rex
468 2231 612 2264 autem
652 2232 695 2265 et
733 2226 827 2265 Deo
859 2223 1090 2265 ecclesiam
1126 2232 1169 2264 et
1203 2223 1320 2265 clero
1350 2232 1492 2264 turres
1524 2230 1566 2263 ct

84 2291 292 2347 episcopo
318 2290 553 2342 civitatem,
579 2307 686 2348 pace
714 2292 829 2333 inter
857 2308 931 2333 cos
959 2300 1003 2333 et
1026 2291 1230 2333 comitem
1253 2300 1295 2333 et
1317 2307 1564 2333 sacramen-

123 2400 145 2430 i.
170 2400 265 2441 regio
283 2400 319 2431 G.

117 2441 146 2482 J'.
173 2452 236 2482 quc
256 2442 291 2471 F.

125 2482 154 2512 lt,
180 2483 206 2512 si
225 2483 316 2512 deest
335 2483 373 2513 G.

126 2523 147 2553 l.
171 2524 320 2563 Ligerim
341 2525 374 2554 F.

125 2576 165 2594 m.
192 2566 248 2595 ubi
274 2577 351 2595 eum
370 2566 405 2596 F.

125 2701 153 2731 1.
179 2701 327 2731 Maniere
341 2703 496 2743 elegante
520 2704 560 2734 de
576 2704 648 2734 dire
668 2715 815 2734 vassalis&
828 2704 872 2734 du
891 2716 1061 2745 royaume.

124 2743 152 2773 2.
176 2743 506 2779 Ροῃῐ-(Ῐιι-Οὶιίιῖοῑῑυ,
528 2746 795 2785 Puy-de-DOme,
816 2746 915 2776 ch.—l.
936 2747 976 2776 de
991 2751 1094 2778 eant..
1113 2758 1171 2776 sur
1189 2747 1328 2776 l'Allier.
