1846 3184
317 106 355 134 68
985 103 1126 133 SUGER

317 198 468 222 omnes
512 180 685 229 volunt,
729 179 793 220 vir
810 191 839 209 W
886 195 995 220 unus
1042 187 1220 236 pontem
1272 179 1533 235 ingreditur.
1591 183 1790 238 Dumque

316 248 610 289 tumultuosus
632 264 706 287 605
733 246 965 288 confundit
993 246 1197 303 impetus,
1222 255 1386 304 quanto
1419 247 1641 299 festinant,
1669 256 1791 288 tanto

315 318 463 375 plures
491 317 796 367 demorantur,
837 325 880 357 et
909 316 954 356 fit
985 315 1142 356 exinde
1176 324 1222 356 ut
1254 325 1296 357 et
1330 315 1456 373 primi
1491 315 1714 357 novissimi
1749 325 1791 358 et

314 383 538 426 novissimi
582 384 687 425 fiant
738 382 866 441 primi
894 384 920 423 ¹.
977 382 1124 435 Quiass'
1171 391 1314 423 tamen
1355 382 1516 440 pontif!
1566 383 1791 441 ingressus

314 455 475 494 fossato
502 452 777 510 cingebatur,
800 450 994 508 presidio
1019 450 1080 491 eis
1104 459 1195 491 erat
1216 452 1317 507 quia
1340 450 1445 508 regii
1476 451 1677 508 quirites,
1708 451 1789 491 nisi

314 537 425 562 unus
460 529 561 577 post
591 519 722 560 alium
762 535 835 559 eos
870 518 1041 575 insequi
1078 533 1165 558 11011
1198 518 1422 569 valebant,
1451 535 1531 559 nec
1567 518 1629 560 sie
1660 518 1789 560 etiam

315 588 408 629 sine
449 604 607 646 magno
639 587 703 628 sui
741 585 993 643 dispendiO,
1034 601 1131 625 cum
1169 585 1293 626 multi
1326 585 1623 636 niterenturZ,
1663 585 1789 642 pauci

312 664 490 713 pontem
520 655 772 712 prenderea
805 661 1023 711 poterant.
1063 652 1147 706 Qui
1182 661 1324 693 autem
1356 669 1633 710 quocumque
1660 653 1789 694 modo

312 723 551 772 intrabant,
581 722 728 780 sepius
753 729 825 762 aut
847 736 1020 761 suorum
1048 728 1121 761 aut
1139 729 1387 761 nostrorum
1411 721 1537 761 turba
1554 720 1571 749 b
1596 721 1786 771 turbata,

312 789 435 831 inviti
473 789 852 849 genuflectebant,
905 797 947 828 et
994 787 1273 828 resilientesc
1328 788 1435 828 alios
1482 788 1597 828 idem
1646 788 1788 829 faeere

312 859 545 916 cogebant.
581 860 809 899 Insecutus
835 864 978 897 autem
1011 872 1085 896 eos
1120 872 1194 896 rex
1222 872 1317 897 011111
1355 855 1443 896 51115
1479 855 1611 896 multa
1648 864 1793 914 strage

314 927 513 984 urgebat,
541 942 651 983 quos
677 924 932 966 offendebat
957 924 1238 973 conterebat,
1267 939 1377 979 quos
1412 923 1669 964 conterebat
1706 931 1792 963 tam

312 993 447 1051 gladii
470 994 761 1051 impressione
781 1008 910 1049 quam
934 990 1161 1032 fortissimi
1185 990 1284 1048 equi
1307 990 1572 1048 impulsione
1596 993 1794 1032 Materne

312 1060 442 1102 fluvio
489 1060 804 1119 ingurgitabat.
839 1062 1000 1102 Verum
1032 1058 1144 1100 sicut
1175 1058 1364 1099 inermes
1402 1059 1576 1100 levitate
1609 1058 1673 1099 sui
1714 1057 1794 1099 flu-

312 1129 536 1179 ctuabant,
563 1128 624 1169 sic
647 1136 689 1169 et
721 1126 892 1169 loricati
931 1127 1127 1184 pondere
1166 1142 1243 1167 suo
1280 1143 1433 1184 graves
1472 1126 1605 1167 semel
1644 1125 1791 1175 mersi,

312 1204 411 1237 ante
448 1195 646 1237 trinamd
686 1196 1009 1237 demersionem
1053 1194 1261 1236 comitum
1308 1194 1516 1251 suffragio
1561 1195 1792 1235 retrahun-

310 1273 396 1313 tur,
444 1263 814 1304 rebabtizatorum
854 1261 1167 1319 opprobrium,
1217 1261 1248 1302 si
1294 1262 1391 1301 talis
1435 1270 1551 1302 esset
1592 1261 1788 1313 occasio,

312 1332 569 1373 referentes.

371 1398 446 1439 His
468 1406 611 1439 autem
637 1406 680 1438 et
703 1397 954 1453 hujusmodi
980 1413 1053 1438 rex
1074 1396 1277 1437 comitem
1301 1395 1533 1453 angarians
1556 1395 1787 1447 molestiis,

310 1475 448 1507 terras
487 1468 579 1522 ejus
617 1465 689 1506 ubi
730 1464 834 1506 ubi&
870 1473 955 1505 tam
993 1466 1036 1506 in
1078 1463 1251 1505 Briensi
1285 1480 1414 1521 quam
1448 1463 1492 1504 in
1527 1463 1790 1505 Carnotensi

309 1550 422 1592 pago
458 1533 719 1582 demolitur,
772 1549 852 1574 nee
896 1534 988 1588 ejus
1025 1533 1292 1590 presentiam
1330 1531 1428 1589 plus
1468 1531 1666 1573 absentia
1710 1548 1790 1574 nec

309 1600 552 1642 absentiam
574 1601 671 1657 plus
698 1601 920 1657 presentia
944 1599 1238 1656 appreciatur.
1263 1600 1459 1655 Cumque
1488 1615 1635 1640 comes
1656 1600 1789 1640 insuf-

308 1667 542 1708 ficientiam
566 1675 607 1707 et
628 1666 830 1707 inertiam
857 1682 1034 1708 suorum
1056 1666 1327 1717 formidaret,
1352 1666 1443 1724 regi
1473 1667 1661 1707 barones
1685 1682 1787 1707 51105

307 1734 528 1792 surripere
556 1734 686 1775 callet
707 1734 737 1784 f,
762 1733 890 1775 donis
915 1741 958 1775 et
984 1733 1213 1790 promissis
1241 1750 1315 1774 eos
1341 1732 1538 1774 alliciens
1570 1741 1612 1774 et
1647 1733 1786 1775 diver-

306 1818 450 1843 sarum
490 1800 863 1859 querimoniarum
901 1817 1023 1858 spem
1066 1800 1366 1842 restitucionis
1409 1809 1642 1858 antequam
1688 1817 1785 1842 cum

307 1886 408 1928 rege
445 1869 575 1911 faciat
616 1885 769 1926 pacem
812 1868 1140 1926 repromittens.
1192 1870 1310 1910 Inter
1352 1885 1461 1925 quos
1504 1868 1787 1910 Laneelinum

306 1937 557 1987 Bulensem,
589 1936 749 1979 Domni
777 1936 957 1979 Martini
984 1936 1210 1978 dominum
1232 1937 1270 1987 2,
1306 1938 1527 1995 Paganum
1556 1937 1610 1978 de
1638 1938 1788 1978 Monte

345 2061 385 2079 w.
411 2049 466 2079 vix
484 2060 571 2079 unus
593 2049 630 2083 B,
657 2048 701 2086 G;
723 2048 771 2078 vit
795 2059 882 2078 unus
897 2048 922 2078 E
937 2058 942 2084 ;
960 2048 1080 2078 volunt
1102 2047 1230 2077 intrare
1248 2051 1280 2077 et
1302 2047 1436 2077 nonnisi
1459 2047 1512 2077 vir
1537 2057 1625 2077 unus
1648 2052 1786 2088 pontem

303 2090 439 2131 ingredi
457 2094 591 2131 poterat
605 2090 640 2119 F.

341 2143 374 2162 at.
400 2132 457 2172 qui
478 2137 593 2162 tamen
616 2132 651 2161 D.

340 2185 374 2214 y.
401 2173 515 2214 pontis
534 2173 572 2203 G.

340 2226 367 2244 z.
394 2214 673 2244 interimerentur
688 2214 722 2243 F.

341 2267 372 2285 a.
398 2256 687 2296 comprehendere
705 2255 739 2284 F.

342 2297 370 2326 b.
398 2297 493 2337 regia
511 2297 613 2327 turha
629 2297 663 2326 F.

340 2349 366 2368 c.
392 2338 591 2368 resistentes
610 2339 645 2368 F.

337 2379 370 2408 A.
396 2384 527 2409 ternam
550 2379 585 2408 F.

336 2432 362 2450 e.
389 2421 447 2450 ubi
466 2421 524 2450 ubi
540 2420 631 2451 deest
647 2421 690 2456 F;
711 2420 767 2450 ubi
787 2424 855 2449 tam
876 2420 912 2455 B,
934 2420 971 2455 D,
992 2420 1028 2449 E.

335 2462 360 2501 s'.
387 2462 496 2491 calcet
515 2462 549 2491 E.

334 2591 360 2620 1.
389 2582 555 2631 Evangile
573 2591 613 2621 de
635 2602 660 2621 5.
681 2590 842 2625 Mathieu,
864 2590 973 2626 XXIX,
994 2591 1042 2619 30.

332 2633 360 2661 2.
386 2631 514 2668 Bulles,
535 2632 625 2668 Oise,
651 2636 738 2662 cant.
770 2632 1012 2661 (1101111031,-
1031 2629 1446 2666 Dammartin-en-Goele‚
1470 2629 1773 2664 Scine-et-erarner

290 2673 382 2703 eh.-l.
404 2673 445 2703 de
463 2678 552 2704 cant.
576 2673 625 2704 On
650 2684 691 2703 ne
716 2673 782 2703 sait
802 2673 873 2703 rien
894 2683 953 2702 sur
970 2683 1006 2702 ee
1026 2681 1242 2712 personnage
1257 2695 1263 2706 ,
1295 2672 1373 2701 sauf
1394 2681 1430 2700 ce
1448 2671 1545 2711 qu'en
1570 2670 1620 2700 dit
1645 2671 1772 2711 Suger;
