1846 3184
667 167 723 196 DU
748 167 816 197 MS.
842 166 935 196 LAT.
961 168 1039 197 5949
1062 168 1086 197 A
1560 172 1614 201 141

133 245 222 274 diem
249 249 437 275 extremum
460 243 626 273 clausisse
656 243 747 283 apud
772 244 985 278 Cluniacum,
1009 243 1138 273 ibidem
1156 255 1289 285 quoque
1309 246 1493 285 sepultum.
1511 246 1616 288 Cujus

132 295 332 335 apostolicis
358 294 509 334 exequiis
529 303 606 323 cum
630 293 728 322 multi
750 293 993 333 religiosorum
1016 293 1167 323 virorum
1188 298 1222 324 et
1244 295 1386 324 ecclesie
1404 296 1616 335 prelatorum

131 345 297 375 interesse
317 344 548 377 festinassent,
576 343 709 373 adstitit
732 343 886 373 virorum
910 343 1118 373 venerabilis
1137 343 1259 379 Guido,
1279 344 1481 375 Viennensis
1500 347 1615 376 archi-

132 395 327 435 episcopus,
347 394 538 434 imperialis
562 397 594 423 ct
620 393 713 433 regie
741 393 955 422 celsitudinis
981 393 1165 423 dirivativa
1189 395 1489 435 consanguinitate
1511 407 1617 437 gene-

131 456 230 474 rosus
250 444 413 484 ducisque
432 443 629 483 Burgundio
648 443 813 483 Stephani
829 454 1026 483 germanus,
1046 443 1102 483 qui
1125 444 1253 473 electus
1272 445 1444 482 canonice,
1467 446 1616 477 CLXVI-2*

132 495 247 524 sedem
276 494 367 524 Petri
396 494 513 529 tenuit,
548 498 580 523 et
607 498 747 523 vocatus
775 493 838 523 fuit
861 492 1015 522 Calixtus
1045 493 1087 522 II.
1114 494 1186 529 Hic,
1215 504 1404 534 generosus
1431 507 1556 536 genere
1587 502 1619 527 et

131 544 330 585 generosior
347 544 494 574 existens
515 544 680 577 moribus,
702 554 779 573 cum
803 543 836 572 in
861 543 1004 573 somniis
1025 543 1183 583 proxima
1204 549 1313 580 nocte,
1333 550 1414 586 apto
1436 547 1520 577 satis
1539 548 1618 578 licet

130 594 248 635 ignoto
278 594 456 635 presagio,
493 594 637 623 vidisset
664 593 729 624 sibi
760 605 779 623 a
809 604 957 634 persona
984 597 1186 634 prepotentc
1221 595 1339 624 lunam
1367 596 1430 625 sub
1461 597 1617 638 clamyde

132 645 321 685 repositam
346 644 524 677 committi¹
548 656 588 674 ne
614 656 718 674 causa
738 644 879 674 ecclesie
903 644 1085 684 apostolici
1111 644 1261 674 transitu
1280 645 1548 684 periclitaretur,
1574 647 1617 677 ab

132 705 170 724 ea
195 706 259 735 que
288 695 408 725 aderat
438 695 590 725 Romana
623 694 768 724 ecelesia
796 694 828 723 in
860 704 1033 723 summum
1063 694 1262 733 pontificem
1292 695 1441 732 electus,
1472 697 1617 727 visionis

130 745 311 775 veritatem
340 744 552 775 enucleatius
582 743 837 774 animadvertit.
870 743 1084 773 Sublimatus
1121 744 1236 784 itaque
1274 749 1367 775 tante
1402 746 1617 776 celsitudinis

131 794 310 835 dignitate,
330 795 492 835 gloriose,
515 794 704 830 humiliter,
735 793 792 823 sed
812 798 948 823 strenue
971 793 1113 823 ecclesie
1134 793 1213 833 jura
1231 794 1431 835 disponens,
1452 807 1567 827 amore
1587 801 1619 826 et

132 845 273 875 servitio
291 845 419 875 domini
439 844 613 881 Ludovici,
638 844 730 885 regis
750 843 902 879 Francie,
928 847 960 872 et
984 843 1110 874 nobilis
1134 843 1309 874 Adelaidis
1332 845 1450 885 regine
1476 847 1617 877 Franeie

131 895 243 935 neptis
267 895 381 935 aptius
405 895 647 925 ecclesiasticis
674 893 879 934 providebat
894 893 1052 934 negotiis.
1070 894 1208 923 Rhemis
1224 894 1338 935 itaque
1354 896 1617 927 celeberrimum

131 945 319 976 celebravit
336 945 531 978 concilium.
551 949 668 975 votum
689 944 973 985 predecessorum
1001 944 1223 984 complendo,
1253 945 1311 975 ubi
1333 947 1617 977 excommunicati

131 999 211 1025 sunt
235 995 422 1035 symoniaci
441 999 471 1025 et
490 1006 552 1036 pro
572 995 761 1035 sepultura,
787 994 973 1024 chrismate
1000 998 1032 1024 et
1054 994 1227 1034 baptismo
1252 996 1403 1035 pretium
1428 997 1617 1038 exigentes,

128 1045 245 1085 ibique
263 1056 407 1075 uxorum
432 1050 462 1075 et
486 1045 756 1075 concubinarum
774 1044 999 1075 contubernia
1016 1045 1242 1085 presbyteris,
1263 1045 1417 1076 diaconis
1435 1051 1467 1076 et
1482 1047 1619 1077 subdia-

129 1095 224 1125 conis
251 1100 330 1125 sunt
347 1096 483 1136 penitus
509 1096 702 1125 interdicta.
723 1096 758 1125 In
775 1095 838 1125 hoc
856 1099 970 1125 autem
989 1095 1144 1129 coneilio,
1162 1107 1238 1125 cum
1257 1107 1320 1136 pro
1339 1096 1618 1127 reconciliatione

128 1145 349 1186 imperatoris
360 1146 593 1176 Romanorum
611 1146 748 1176 Hem-ici
767 1150 800 1176 et
817 1146 970 1181 ecclesie,
986 1145 1163 1176 occasione
1176 1146 1461 1177 investiturarum
1477 1148 1618 1178 ecclesie

128 1196 290 1232 Romane,
318 1206 396 1225 cum
426 1196 551 1236 legatis
580 1196 801 1236 imperatoris
834 1200 1000 1225 tractaret
1028 1206 1088 1225 nec
1123 1196 1254 1226 valeret
1284 1198 1470 1237 proficere,
1503 1198 1618 1239 ipsum

128 1245 373 1286 imperatorem
403 1256 481 1275 cum
514 1245 585 1275 suis
616 1245 808 1275 fautoribus
837 1245 1145 1275 excommunicavit
1169 1250 1200 1275 et
1224 1247 1453 1277 anathematis
1481 1248 1618 1278 vinculo

130 1295 230 1335 pleno
248 1296 458 1325 Francorum
482 1299 514 1325 et
536 1295 826 1335 Lotharingorum
848 1295 993 1324 concilio
1017 1295 1205 1325 innodavit.

170 1363 350 1398 QUOMODO
380 1373 446 1393 mix
473 1364 608 1394 Axorm
638 1363 820 1393 Hssxmcus
848 1372 967 1393 REGEM
998 1363 1153 1393 FRANCIE
1183 1373 1415 1394 DEBELLAVIT.
1451 1365 1546 1403 <Voc'r
1572 1365 1618 1395 les

129 1413 308 1449 variantes,
328 1424 361 1454 p.
384 1413 488 1446 90-9'1,
510 1413 717 1453 91-93,pour
734 1413 763 1442 le
778 1413 879 1444 debut
894 1417 924 1443 el
942 1412 975 1442 la
993 1414 1039 1452 fin
1058 1413 1103 1443 du
1123 1413 1285 1456 elzapitre.
1306 1417 1398 1444 Noas
1412 1416 1565 1446 donnons
1589 1416 1618 1446 lc

126 1467 214 1494 tegete
231 1463 370 1504 complet
388 1463 432 1493 du
452 1462 593 1504 millen.)

166 1533 251 1563 Cum
267 1532 380 1563 subito
397 1532 547 1573 quadam
565 1532 618 1561 die
643 1543 700 1562 rex
731 1532 863 1573 Angue,
889 1532 1042 1562 collectis
1059 1544 1136 1562 cum
1154 1533 1278 1564 comite
1300 1534 1477 1565 Britannie
1495 1537 1617 1567 multo-

125 1594 201 1614 rum
227 1583 373 1619 viribus,
402 1583 600 1623 speculatus
627 1583 718 1623 regis
739 1583 949 1612 Francorum
969 1582 1201 1623 improvidam
1226 1584 1418 1620 audaciam,
1439 1585 1616 1616 ordinatas

126 1632 275 1662 militum
296 1632 386 1662 acies
404 1632 438 1662 in
457 1643 534 1662 eum
561 1632 692 1673 dirigit,
721 1632 889 1668 incendia⁷
910 1637 947 1662 ut
973 1632 1006 1661 in
1031 1643 1108 1662 eum
1128 1633 1343 1664 exordinarie
1371 1635 1558 1672 insiliatur,
1584 1641 1617 1666 et

126 1693 341 1723 quacumque
364 1683 445 1712 belli
469 1682 603 1712 cautela
632 1682 696 1712 sibi
720 1682 902 1722 providere
928 1687 1052 1722 potest,
1082 1683 1256 1723 sagaciter
1276 1685 1415 1725 satagit.
1442 1685 1479 1714 In
1503 1686 1616 1726 prima

126 1743 272 1773 namque
302 1733 373 1763 acic
402 1743 562 1773 proceres
593 1743 672 1761 suos
700 1732 937 1768 constituerat,
967 1733 1000 1762 in
1032 1733 1182 1763 secunda
1206 1745 1283 1763 cum
1314 1734 1458 1775 propria
1485 1736 1617 1766 familia

125 1794 228 1824 eques
247 1783 320 1823 ipsc
338 1783 522 1818 residebat,
551 1783 584 1812 in
609 1782 710 1812 tertia
728 1793 808 1812 vero
828 1783 920 1813 filios
946 1794 1024 1813 suos
1053 1794 1131 1813 cum
1149 1784 1294 1813 summis
1319 1785 1453 1815 viribus
1481 1786 1614 1826 pedites

125 1835 365 1864 collocaverat.
384 1834 453 1864 Rex
471 1838 585 1863 autem
604 1833 799 1863 Ludovicus
814 1844 892 1863 cum
911 1834 981 1863 suis
1001 1834 1136 1863 nullum
1154 1835 1256 1874 prelii
1272 1835 1483 1866 constituere
1499 1837 1618 1878 digna-

126 1888 178 1913 tus
195 1887 413 1924 apparatum,
434 1883 466 1913 in
484 1884 601 1913 hostes
623 1883 808 1914 indiscrete
827 1884 885 1913 sed
908 1884 1138 1914 audacissime
1156 1885 1279 1924 evolat,
1300 1897 1378 1915 cuin
1401 1886 1534 1926 priores
1559 1887 1617 1928 qui

125 1934 261 1964 dextras
275 1933 518 1974 applicuerunt
532 1933 813 1963 Yulcassincnscs
827 1945 903 1964 cum
919 1934 1100 1964 Buchardo
1118 1935 1405 1966 Monmorenciaci
1418 1940 1450 1966 et
1462 1936 1617 1968 Guidone

125 1983 396 2014 Claremontensi
429 1983 579 2024 primam
612 1984 866 2014 Normanorum
893 1984 1001 2013 aciem
1031 1984 1220 2014 fortissima
1253 1996 1357 2015 manu
1387 1985 1561 2023 cedentes,
1598 1998 1616 2016 a

124 2045 246 2075 campo
265 2038 373 2064 marte
392 2034 543 2064 mirabili
569 2035 787 2075 fugaverunt,
816 2039 847 2064 ct
871 2034 1005 2074 priores
1033 2035 1187 2075 equitum
1215 2036 1305 2065 acies
1332 2047 1436 2077 super
1463 2042 1616 2068 armatos

124 2085 257 2126 pedites
277 2084 493 2115 validissima
511 2096 614 2114 manu
634 2085 854 2125 repulerunt,
880 2085 988 2115 aciem
1011 2085 1125 2121 etiam,
1146 2086 1180 2115 in
1203 2097 1269 2126 qua
1287 2087 1397 2117 inerat
1419 2098 1477 2117 rex
1492 2088 1616 2118 chri-

124 2147 195 2171 cus,
217 2134 419 2171 diviserunt,
445 2139 478 2164 et
500 2139 579 2164 tunc
607 2135 696 2164 acies
721 2135 855 2175 regales
884 2135 949 2165 sibi
978 2135 1125 2166 invicem
1149 2135 1375 2173 offenderunt,
1400 2141 1431 2166 et
1450 2137 1616 2168 acerrime

125 2184 323 2226 pugnando,
352 2184 470 2214 fractis
488 2184 610 2220 hastis,
630 2196 685 2215 res
710 2185 838 2226 gladiis
855 2190 931 2215 aeta
949 2190 1010 2216 cst.
1040 2186 1076 2215 In
1098 2186 1259 2216 conflictu
1278 2187 1484 2218 Guillelmus
1503 2188 1615 2218 dietus

125 2235 264 2276 Crispin
294 2235 387 2275 regis
414 2235 551 2265 Henriei
581 2239 686 2276 caput
708 2235 825 2276 gladio
849 2236 902 2266 his
930 2236 1114 2276 percussit,
1147 2241 1179 2266 et
1205 2237 1364 2277 quamvis
1394 2238 1502 2268 lorica
1526 2243 1617 2268 essct

124 2284 418 2325 impenetrabilis,
450 2285 687 2326 magnitudine
714 2290 828 2315 tamen
856 2285 986 2316 ictuum
1010 2286 1087 2327 ipsa
1111 2286 1365 2327 aliquantulum
1394 2288 1485 2328 regis
1510 2288 1614 2329 capiti

125 2334 254 2365 inserta
270 2339 332 2370 est,
349 2335 397 2364 ita
412 2339 449 2364 ut
466 2335 608 2376 sanguis
623 2337 755 2372 flueret,
776 2336 834 2366 sed
854 2337 990 2366 tandem
1010 2348 1068 2366 rex
1089 2348 1331 2377 percussorem
1350 2349 1427 2368 cum
1448 2349 1534 2379 equo
1553 2350 1615 2369 suo

124 2385 325 2425 prostravit.
357 2385 428 2415 Non
457 2385 515 2415 diu
533 2386 663 2416 bellurn
694 2386 844 2422 duravit,
873 2398 953 2416 nam
980 2387 1099 2417 Franci
1105 2410 1167 2417 .....
1176 2412 1181 2423 ,
1209 2392 1271 2417 etc.
1299 2387 1362 2429 (Ce
1388 2400 1537 2431 passage
1567 2392 1615 2418 esc

123 2439 294 2477 cmpruute'
318 2447 356 2465 en
379 2435 512 2476 grande
536 2436 648 2476 partic
675 2438 693 2465 d,
721 2437 825 2466 Ilenri
852 2437 892 2466 tle
921 2437 1149 2479 Hunlingdon,
1182 2449 1213 2477 p.
1247 2439 1322 2474 2'11,
1348 2440 1435 2479 saus*
1456 2439 1614 2480 quelques

124 2485 332 2527 eapressfflns
350 2487 390 2516 cle
409 2489 514 2527 Suger
529 2490 719 2516 conserve'es·
734 2498 799 2527 par
817 2486 845 2516 le
865 2486 1111 2528 compilalear.)

166 2554 213 2584 DE
228 2563 447 2584 EXPULSIONE
468 2563 613 2584 aunum
633 2563 817 2583 Ax'mrixrr..
836 2553 1042 2594 (Vnt-iuncos,
1061 2565 1095 2594 p.
1116 2556 1182 2594 95.)

166 2622 214 2652 Dr:
237 2631 340 2651 F1L11s
359 2631 460 2653 REGls
479 2623 613 2651 Axurnz
632 2631 826 2652 summnffls
846 2622 960 2652 v'llenri
976 2622 1017 2651 de
1032 2622 1260 2663 Ilunciugdmt,
1280 2634 1311 2664 p.
1329 2624 1414 2664 202.)

165 2689 214 2719 DE
244 2699 392 2726 QUODAM
423 2699 506 2720 IGNE
536 2699 695 2719 (nisum.
729 2689 759 2729 (23
784 2689 916 2729 lignes.)
946 2707 985 2712 —
1013 2690 1060 2720 DE
1090 2699 1223 2720 ORDINE
1254 2690 1609 2721 PREMONsTRATENSI.

125 2738 155 2779 <2
174 2738 305 2781 lignes.)
320 2757 360 2762 —
380 2740 427 2770 DE
442 2749 574 2770 onmxu
594 2749 729 2769 ¹x111.11·11··.
748 2739 892 2769 mem.
916 2740 945 2780 (l
964 2738 1078 2781 Inguen)
