1846 3184
608 157 678 187 VIE
703 157 756 187 DE
781 156 910 187 LOUIS
935 156 986 187 LE
1011 156 1126 190 GROS
1553 155 1609 186 111

129 235 464 278 elemosinarum
486 234 750 276 liberalitate
771 233 1053 290 conspicuus,
1067 233 1245 290 justicie
1264 241 1384 275 tutor
1401 233 1606 291 insignis.

129 303 212 356 Qui
266 319 361 344 eum
408 301 583 343 debitor
627 300 808 342 honoris
855 301 1003 357 adepti.
1031 302 1059 351 ¹,
1105 310 1345 358 potentesy
1396 301 1608 359 quosdam

128 386 290 428 genere
324 370 528 419 humiles,
570 368 729 425 opibus
761 368 913 419 elatos,
952 368 1148 410 dominio
1183 371 1275 425 ejus
1309 369 1470 410 lineam
1509 385 1609 411 con—

129 436 437 496 sanguinitatis
463 438 693 477 absentare
732 437 920 492 superbe
948 435 1207 487 innitentes,
1254 446 1377 478 erant
1405 437 1521 478 enim
1556 438 1609 480 dc

129 506 219 546 sece
258 504 535 546 condicionis
570 503 760 555 servilis,
793 503 962 559 judicio
998 504 1118 545 curie
1157 506 1471 546 convenienter
1506 506 1609 548 satis

126 581 361 630 repeteret,
398 572 499 630 ipsi,
540 572 745 614 videlicet
780 571 1020 630 Brugensis
1057 571 1243 613 ecclesie
1283 573 1534 629 prepositus
1568 582 1612 615 et

124 640 206 691 sui,
239 640 320 682 viri
350 640 655 698 superbissimi
685 649 727 681 et
754 640 906 682 famosi
932 639 1202 697 proditores,
1235 640 1541 683 crudelissime
1571 643 1609 683 ei

122 707 495 750 insidiabantur&
538 709 643 749 Cum
683 707 818 765 igitur
863 708 1050 765 quadam
1086 707 1157 748 die
1196 709 1363 766 Brugas
1398 709 1607 760 venisset,

126 793 293 818 summo
316 793 441 817 mane
470 775 656 818 ecclesie
689 775 768 817 Dei
800 778 1028 827 assistens,
1058 775 1309 833 pavimento
1342 785 1606 832 prostratus,

125 844 284 886 librum
314 844 561 886 orationum
588 860 717 886 manu
743 853 898 885 tenens
925 845 1093 894 orabat,
1125 860 1223 885 cum
1249 843 1394 885 subito
1421 846 1611 887 Euchar-

125 912 205 953 dus
224 924 241 941 ³
273 912 467 969 quidam,
497 929 634 970 nepos
659 911 874 969 prepositi
901 912 1075 969 prefati,
1108 912 1284 953 satelles
1313 913 1608 965 truculentus,

124 996 222 1021 cum
248 979 342 1021 aliis
368 980 422 1021 de
451 980 603 1021 eadem
626 980 967 1022 sceleratissima
989 980 1136 1021 radice
1159 988 1202 1021 et
1229 980 1324 1021 aliis
1347 980 1610 1022 tradicionis

122 1047 311 1104 pessime
352 1047 642 1105 complicibus
689 1047 848 1099 oranti,
895 1049 1027 1089 immo
1075 1050 1168 1089 Deo
1208 1048 1426 1106 loquenti,
1480 1049 1610 1091 tacite

123 1114 381 1167 retrocedit,
413 1123 455 1156 et
480 1124 604 1157 caute
629 1116 778 1174 gladio
805 1115 1051 1174 evaginato,
1082 1116 1242 1157 collum
1266 1124 1383 1158 terre
1413 1126 1609 1173 prostra-

122 1191 213 1225 tum
263 1182 435 1224 comitis
482 1183 738 1225 suavissime
784 1192 997 1242 tangens,
1049 1192 1095 1225 ut
1138 1184 1364 1241 paululum
1416 1194 1610 1227 erectum

124 1251 320 1293 ferientis
346 1250 492 1310 gladio
527 1268 570 1292 se
604 1251 831 1309 inopinate
859 1250 1086 1310 dirigeret,
1121 1268 1270 1292 ensem
1296 1252 1335 1292 ei
1362 1252 1608 1309 applicans,

124 1336 211 1360 uno
261 1319 350 1360 ictu
397 1318 556 1376 impius
602 1318 751 1376 pium,
799 1335 949 1360 servus
994 1319 1222 1360 dominum
1272 1319 1610 1363 sceleratissime

124 1387 356 1428 detruncat
377 1388 407 1426 3.
437 1387 520 1440 Qui
548 1394 690 1428 autem
719 1387 921 1428 astabant
951 1386 1072 1428 necis
1108 1387 1241 1444 impie
1279 1398 1608 1445 cooperatores,

124 1454 382 1512 sanguinem
405 1456 497 1511 ejus
526 1453 743 1505 sitientes,
767 1463 975 1512 tanquam
1002 1470 1131 1496 canes
1153 1455 1197 1495 in
1226 1454 1378 1496 relicta
1401 1457 1610 1498 cadavera

122 1522 422 1564 debachantes
441 1533 476 1573 a,
511 1522 794 1563 innocentem
822 1522 986 1564 laniare
1019 1523 1296 1580 gaudebant,
1331 1540 1610 1582 summopere

121 1590 362 1649 gloriantes
391 1590 508 1648 quod
541 1606 673 1648 opere
699 1591 921 1647 complere
949 1599 1186 1648 potuerant
1221 1608 1351 1649 quem
1391 1608 1609 1651 concepe-

126 1666 221 1699 rant
258 1659 456 1700 dolorem
486 1667 528 1699 et
564 1674 693 1715 quam
724 1667 989 1716 pepererant
1022 1658 1301 1716 iniquitatem
1322 1659 1351 1700 4.
1390 1662 1442 1701 Et
1472 1677 1609 1718 appo-

126 1735 280 1767 nentes
322 1726 598 1784 iniquitatem
631 1742 763 1783 super
793 1726 1088 1783 iniquitatem,
1134 1735 1287 1784 utpote
1329 1728 1492 1768 malitia
1534 1745 1608 1770 sua

126 1794 335 1845 excecati,
372 1810 674 1852 quoscumque
706 1794 985 1845 castellanos,
1027 1810 1329 1852 quoscumque
1368 1795 1609 1838 nobiliores

127 1861 298 1903 comitis
322 1863 510 1904 barones
527 1861 544 1891 h
567 1861 655 1903 sive
680 1863 723 1903 in
753 1862 904 1903 eadem
931 1862 1117 1904 ecelesia
1146 1862 1233 1904 sive
1256 1872 1376 1904 extra
1398 1863 1442 1905 in
1466 1873 1609 1906 castro

126 1929 352 1971 oll'endere
396 1938 628 1987 poterant,
688 1929 991 1971 infelicissimo
1042 1930 1199 1972 misere
1252 1931 1405 1972 mortis
1445 1948 1608 1989 genere

125 1996 362 2054 imparatos
399 2014 480 2039 nec
511 1997 737 2039 confessos
771 1998 1067 2039 trucidabant.
1114 1998 1283 2052 Quibus
1322 2008 1467 2041 tamen
1506 2016 1607 2057 pro-

124 2065 252 2107 desse
275 2065 401 2107 valde
429 2065 708 2117 arbitramur,
740 2066 858 2123 quod
884 2082 964 2123 pro
987 2066 1200 2108 fidelitate
1226 2067 1394 2108 domini
1422 2066 1486 2109 sui
1509 2067 1608 2108 tali-

163 2188 197 2217 y.
224 2180 380 2217 potenter
398 2177 436 2207 D.

165 2230 193 2248 z.
218 2218 415 2248 Burcardus
431 2219 468 2248 D.

164 2271 196 2289 a.
222 2264 426 2300 tanquam...
443 2258 676 2290 debachantes
695 2259 784 2290 deese
804 2260 841 2290 D.

165 2301 194 2331 b.
220 2302 373 2338 comites,
392 2302 540 2331 barones
558 2302 594 2331 F.

165 2417 192 2447 ’1.
218 2417 362 2457 'N'ayant
380 2429 441 2459 pas
460 2419 641 2450 d'enfantsv
662 2418 685 2448 il
703 2430 741 2448 nc
761 2418 902 2459 pouvait
915 2430 949 2448 sc
964 2418 1160 2448 considers-1·
1178 2430 1242 2458 que
1260 2429 1390 2448 comme
1406 2419 1609 2448 ususruitier

123 2457 167 2488 (lu
186 2462 306 2489 comte.

161 2500 190 2530 2.
217 2500 379 2530 C'etaient
410 2502 441 2531 le
475 2504 595 2542 prcxbt
631 2501 817 2541 Bertulphe
851 2513 893 2531 ou
922 2501 1097 2537 Rex-thom,
1131 2513 1191 2531 son
1224 2502 1310 2531 sr'ere
1338 2501 1453 2531 hesir(-
1488 2502 1606 2533 llaket,

120 2540 291 2571 chatelain
319 2542 359 2572 de
384 2542 526 2583 Bruges,
553 2547 585 2572 et
608 2543 681 2572 leur
708 2543 845 2573 famille.
874 2544 899 2572 11
925 2543 1053 2572 semble
1078 2544 1183 2577 aussi,
1206 2543 1281 2572 bien
1309 2554 1372 2582 qne
1392 2544 1502 2581 Suger
1521 2553 1559 2571 ne
1578 2543 1608 2571 le

120 2580 193 2611 dise
220 2594 374 2623 1);1s‚que
393 2584 493 2613 Louis
509 2584 548 2613 Vl
572 2583 619 2614 ait
641 2595 751 2614 connu
772 2584 801 2613 le
819 2584 928 2624 projet
949 2585 1007 2613 des
1031 2585 1200 2624 conjures,
1224 2585 1365 2613 (Ihm-les
1389 2584 1419 2614 le
1438 2585 1508 2613 Bon
1527 2584 1607 2613 etait

120 2623 241 2663 depuis
260 2624 336 2663 ‹li-ja
354 2624 526 2665 plusieurs
546 2629 670 2655 amices
690 2626 857 2655 redevenu
876 2626 979 2655 131110Ἰ
997 2626 1040 2655 du
1060 2627 1108 2655 roi
1129 2626 1373 2665 d'Angletei-re.

120 2705 145 2736 B
163 2667 191 2694 3.
218 2665 261 2694 Le
288 2668 304 2694 2
326 2677 417 2696 mars
440 2667 526 2701 1127,
553 2678 595 2697 au
619 2667 715 2708 point
741 2667 786 2696 du
810 2667 899 2707 jour,
929 2667 1014 2697 dans
1039 2668 1171 2708 l'eglisc
1190 2668 1230 2696 de
1255 2667 1540 2696 Saint-Domxtien
1566 2667 1606 2697 de

151 2717 265 2746 ruges.

162 2748 190 2777 4.
216 2747 276 2788 Cp.
295 2748 470 2785 Pmumes,
493 2749 564 2786 vll,
585 2749 632 2779 ¹15.
