<?xml version="1.0" encoding="UTF-8"?>
<!DOCTYPE html PUBLIC "-//W3C//DTD XHTML 1.0 Transitional//EN"
    "http://www.w3.org/TR/xhtml1/DTD/xhtml1-transitional.dtd">
<html xmlns="http://www.w3.org/1999/xhtml" xml:lang="en" lang="en">
 <head>
  <title>
</title>
<meta http-equiv="Content-Type" content="text/html;charset=utf-8" />
  <meta name='ocr-system' content='tesseract 3.04.00' />
  <meta name='ocr-capabilities' content='ocr_page ocr_carea ocr_par ocr_line ocrx_word'/>
</head>
<body>
  <div class='ocr_page' id='page_1' title='image "./viedelouislegros00sugeuoft_0205.png"; bbox 0 0 1846 3184; ppageno 0'>
   <div class='ocr_carea' id='block_1_1' title="bbox 666 170 1603 202">
    <p class='ocr_par' dir='ltr' id='par_1_1' title="bbox 666 170 1603 202">
     <span class='ocr_line' id='line_1_1' title="bbox 666 170 1603 202; baseline -0.002 0"><span class='ocrx_word' id='word_1_1' title='bbox 666 171 722 202; x_wconf 90' lang='lat' dir='ltr'>DU</span> <span class='ocrx_word' id='word_1_2' title='bbox 746 171 819 202; x_wconf 90' lang='lat' dir='ltr'>ROI</span> <span class='ocrx_word' id='word_1_3' title='bbox 844 170 973 202; x_wconf 82' lang='lat' dir='ltr'>LOUIS</span> <span class='ocrx_word' id='word_1_4' title='bbox 998 172 1054 202; x_wconf 84' lang='lat' dir='ltr'>Vll</span> <span class='ocrx_word' id='word_1_5' title='bbox 1547 171 1603 201; x_wconf 78' lang='lat'>153</span> 
     </span>
    </p>
   </div>
   <div class='ocr_carea' id='block_1_2' title="bbox 108 247 1606 2823">
    <p class='ocr_par' dir='ltr' id='par_1_2' title="bbox 108 247 1606 2823">
     <span class='ocr_line' id='line_1_2' title="bbox 122 247 1603 309; baseline -0.003 -16"><span class='ocrx_word' id='word_1_6' title='bbox 122 268 214 294; x_wconf 88' lang='lat' dir='ltr'>rum</span> <span class='ocrx_word' id='word_1_7' title='bbox 243 267 349 309; x_wconf 89' lang='lat' dir='ltr'>quas</span> <span class='ocrx_word' id='word_1_8' title='bbox 375 250 595 292; x_wconf 80' lang='lat' dir='ltr'>audieram</span> <span class='ocrx_word' id='word_1_9' title='bbox 619 265 770 291; x_wconf 82' lang='lat' dir='ltr'>causas</span> <span class='ocrx_word' id='word_1_10' title='bbox 802 248 1049 290; x_wconf 84' lang='lat' dir='ltr'>summatim</span> <span class='ocrx_word' id='word_1_11' title='bbox 1082 249 1277 307; x_wconf 85' lang='lat' dir='ltr'>exposui.</span> <span class='ocrx_word' id='word_1_12' title='bbox 1310 247 1411 302; x_wconf 87' lang='lat' dir='ltr'>Qui,</span> <span class='ocrx_word' id='word_1_13' title='bbox 1441 256 1488 289; x_wconf 87' lang='lat' dir='ltr'>ut</span> <span class='ocrx_word' id='word_1_14' title='bbox 1513 255 1603 288; x_wconf 84' lang='lat' dir='ltr'>erat</span> 
     </span>
     <span class='ocr_line' id='line_1_3' title="bbox 122 314 1604 373; baseline -0.004 -12"><span class='ocrx_word' id='word_1_15' title='bbox 122 321 331 361; x_wconf 77' lang='lat' dir='ltr'>immense</span> <span class='ocrx_word' id='word_1_16' title='bbox 384 317 628 360; x_wconf 79' lang='lat' dir='ltr'>nobilitatis</span> <span class='ocrx_word' id='word_1_17' title='bbox 669 325 710 358; x_wconf 88' lang='lat' dir='ltr'>et</span> <span class='ocrx_word' id='word_1_18' title='bbox 757 316 1108 359; x_wconf 81' lang='lat' dir='ltr'>mansuetudinis</span> <span class='ocrx_word' id='word_1_19' title='bbox 1148 316 1349 373; x_wconf 88' lang='lat' dir='ltr'>juvenis,</span> <span class='ocrx_word' id='word_1_20' title='bbox 1400 314 1604 357; x_wconf 88' lang='lat' dir='ltr'>docibilis</span> 
     </span>
     <span class='ocr_line' id='line_1_4' title="bbox 121 382 1606 444; baseline -0.003 -15"><span class='ocrx_word' id='word_1_21' title='bbox 121 387 249 429; x_wconf 86' lang='lat' dir='ltr'>etiam</span> <span class='ocrx_word' id='word_1_22' title='bbox 277 387 395 444; x_wconf 86' lang='lat' dir='ltr'>quod</span> <span class='ocrx_word' id='word_1_23' title='bbox 428 385 668 443; x_wconf 88' lang='lat' dir='ltr'>imperialis</span> <span class='ocrx_word' id='word_1_24' title='bbox 692 384 930 442; x_wconf 87' lang='lat' dir='ltr'>majestatis</span> <span class='ocrx_word' id='word_1_25' title='bbox 957 385 1155 441; x_wconf 86' lang='lat' dir='ltr'>potentia</span> <span class='ocrx_word' id='word_1_26' title='bbox 1186 385 1240 426; x_wconf 88' lang='lat' dir='ltr'>de</span> <span class='ocrx_word' id='word_1_27' title='bbox 1268 384 1387 425; x_wconf 91' lang='lat' dir='ltr'>sonte</span> <span class='ocrx_word' id='word_1_28' title='bbox 1412 382 1606 425; x_wconf 83' lang='lat' dir='ltr'>nascitur</span> 
     </span>
     <span class='ocr_line' id='line_1_5' title="bbox 121 451 1602 512; baseline -0.003 -15"><span class='ocrx_word' id='word_1_29' title='bbox 121 456 312 512; x_wconf 83' lang='lat' dir='ltr'>pietatiS,</span> <span class='ocrx_word' id='word_1_30' title='bbox 336 471 432 496; x_wconf 90' lang='lat' dir='ltr'>cum</span> <span class='ocrx_word' id='word_1_31' title='bbox 457 463 577 495; x_wconf 88' lang='lat' dir='ltr'>tante</span> <span class='ocrx_word' id='word_1_32' title='bbox 601 454 779 504; x_wconf 79' lang='lat' dir='ltr'>duritie,</span> <span class='ocrx_word' id='word_1_33' title='bbox 802 453 934 494; x_wconf 88' lang='lat' dir='ltr'>immo</span> <span class='ocrx_word' id='word_1_34' title='bbox 958 461 1004 493; x_wconf 87' lang='lat' dir='ltr'>ut</span> <span class='ocrx_word' id='word_1_35' title='bbox 1029 453 1294 509; x_wconf 82' lang='lat' dir='ltr'>opinabatur</span> <span class='ocrx_word' id='word_1_36' title='bbox 1313 451 1602 501; x_wconf 88' lang='lat' dir='ltr'>crudelitatis,</span> 
     </span>
     <span class='ocr_line' id='line_1_6' title="bbox 121 518 1606 580; baseline -0.003 -16"><span class='ocrx_word' id='word_1_37' title='bbox 121 539 272 564; x_wconf 88' lang='lat' dir='ltr'>causas</span> <span class='ocrx_word' id='word_1_38' title='bbox 303 522 433 564; x_wconf 89' lang='lat' dir='ltr'>utiles</span> <span class='ocrx_word' id='word_1_39' title='bbox 471 522 731 580; x_wconf 86' lang='lat' dir='ltr'>patulasque</span> <span class='ocrx_word' id='word_1_40' title='bbox 759 520 1042 570; x_wconf 81' lang='lat' dir='ltr'>reddidisset,</span> <span class='ocrx_word' id='word_1_41' title='bbox 1071 528 1210 561; x_wconf 90' lang='lat' dir='ltr'>totum</span> <span class='ocrx_word' id='word_1_42' title='bbox 1242 528 1387 561; x_wconf 91' lang='lat' dir='ltr'>tamen</span> <span class='ocrx_word' id='word_1_43' title='bbox 1420 518 1606 561; x_wconf 89' lang='lat' dir='ltr'>consilio</span> 
     </span>
     <span class='ocr_line' id='line_1_7' title="bbox 120 585 1601 647; baseline -0.003 -16"><span class='ocrx_word' id='word_1_44' title='bbox 120 599 161 631; x_wconf 87' lang='lat' dir='ltr'>et</span> <span class='ocrx_word' id='word_1_45' title='bbox 189 589 371 631; x_wconf 91' lang='lat' dir='ltr'>arbitrio</span> <span class='ocrx_word' id='word_1_46' title='bbox 409 599 561 632; x_wconf 90' lang='lat' dir='ltr'>nostro</span> <span class='ocrx_word' id='word_1_47' title='bbox 592 590 804 647; x_wconf 84' lang='lat' dir='ltr'>quicquid</span> <span class='ocrx_word' id='word_1_48' title='bbox 840 588 943 629; x_wconf 91' lang='lat' dir='ltr'>inde</span> <span class='ocrx_word' id='word_1_49' title='bbox 969 587 1063 629; x_wconf 86' lang='lat' dir='ltr'>fieri</span> <span class='ocrx_word' id='word_1_50' title='bbox 1095 588 1385 645; x_wconf 83' lang='lat' dir='ltr'>approbarem</span> <span class='ocrx_word' id='word_1_51' title='bbox 1419 585 1601 628; x_wconf 88' lang='lat' dir='ltr'>remisit.</span> 
     </span>
     <span class='ocr_line' id='line_1_8' title="bbox 120 654 1604 710; baseline -0.003 -12"><span class='ocrx_word' id='word_1_52' title='bbox 120 657 271 699; x_wconf 79' lang='lat' dir='ltr'>Tereia</span> <span class='ocrx_word' id='word_1_53' title='bbox 295 673 398 698; x_wconf 79' lang='lat' dir='ltr'>vero</span> <span class='ocrx_word' id='word_1_54' title='bbox 421 656 508 707; x_wconf 88' lang='lat' dir='ltr'>die,</span> <span class='ocrx_word' id='word_1_55' title='bbox 535 672 630 698; x_wconf 88' lang='lat' dir='ltr'>cum</span> <span class='ocrx_word' id='word_1_56' title='bbox 664 657 923 698; x_wconf 88' lang='lat' dir='ltr'>miserorum</span> <span class='ocrx_word' id='word_1_57' title='bbox 954 655 1111 696; x_wconf 85' lang='lat' dir='ltr'>civium</span> <span class='ocrx_word' id='word_1_58' title='bbox 1139 670 1213 695; x_wconf 89' lang='lat' dir='ltr'>cor</span> <span class='ocrx_word' id='word_1_59' title='bbox 1236 670 1322 695; x_wconf 89' lang='lat' dir='ltr'>non</span> <span class='ocrx_word' id='word_1_60' title='bbox 1352 654 1604 710; x_wconf 89' lang='lat' dir='ltr'>inpenitens</span> 
     </span>
     <span class='ocr_line' id='line_1_9' title="bbox 119 720 1603 782; baseline -0.003 -17"><span class='ocrx_word' id='word_1_61' title='bbox 119 724 430 782; x_wconf 81' lang='lat' dir='ltr'>comperissem</span> <span class='ocrx_word' id='word_1_62' title='bbox 450 758 458 774; x_wconf 92' lang='lat'>,</span> <span class='ocrx_word' id='word_1_63' title='bbox 515 724 704 782; x_wconf 82' lang='lat' dir='ltr'>contigit</span> <span class='ocrx_word' id='word_1_64' title='bbox 753 740 922 765; x_wconf 90' lang='lat' dir='ltr'>summo</span> <span class='ocrx_word' id='word_1_65' title='bbox 977 738 1129 772; x_wconf 84' lang='lat' dir='ltr'>mane,</span> <span class='ocrx_word' id='word_1_66' title='bbox 1185 720 1297 763; x_wconf 88' lang='lat' dir='ltr'>sicut</span> <span class='ocrx_word' id='word_1_67' title='bbox 1344 720 1603 778; x_wconf 89' lang='lat' dir='ltr'>imperatum</span> 
     </span>
     <span class='ocr_line' id='line_1_10' title="bbox 120 787 1605 846; baseline -0.004 -12"><span class='ocrx_word' id='word_1_68' title='bbox 120 792 273 843; x_wconf 84' lang='lat' dir='ltr'>fuerat,</span> <span class='ocrx_word' id='word_1_69' title='bbox 325 792 508 843; x_wconf 75' lang='lat' dir='ltr'>birotas,</span> <span class='ocrx_word' id='word_1_70' title='bbox 552 792 790 834; x_wconf 87' lang='lat' dir='ltr'>saumarios</span> <span class='ocrx_word' id='word_1_71' title='bbox 834 800 877 833; x_wconf 89' lang='lat' dir='ltr'>et</span> <span class='ocrx_word' id='word_1_72' title='bbox 923 790 1162 832; x_wconf 86' lang='lat' dir='ltr'>carretulas</span> <span class='ocrx_word' id='word_1_73' title='bbox 1211 797 1340 846; x_wconf 88' lang='lat' dir='ltr'>atque</span> <span class='ocrx_word' id='word_1_74' title='bbox 1390 787 1537 829; x_wconf 89' lang='lat' dir='ltr'>asinos</span> <span class='ocrx_word' id='word_1_75' title='bbox 1584 805 1605 829; x_wconf 89' lang='lat' dir='ltr'>a</span> 
     </span>
     <span class='ocr_line' id='line_1_11' title="bbox 120 857 1604 919; baseline -0.003 -17"><span class='ocrx_word' id='word_1_76' title='bbox 120 861 375 918; x_wconf 84' lang='lat' dir='ltr'>parentibus</span> <span class='ocrx_word' id='word_1_77' title='bbox 411 870 685 919; x_wconf 82' lang='lat' dir='ltr'>preparatas,</span> <span class='ocrx_word' id='word_1_78' title='bbox 722 869 769 902; x_wconf 89' lang='lat' dir='ltr'>ut</span> <span class='ocrx_word' id='word_1_79' title='bbox 802 862 847 902; x_wconf 93' lang='lat' dir='ltr'>in</span> <span class='ocrx_word' id='word_1_80' title='bbox 885 859 947 901; x_wconf 90' lang='lat' dir='ltr'>eis</span> <span class='ocrx_word' id='word_1_81' title='bbox 982 875 1062 917; x_wconf 92' lang='lat' dir='ltr'>per</span> <span class='ocrx_word' id='word_1_82' title='bbox 1101 857 1296 900; x_wconf 88' lang='lat' dir='ltr'>diversas</span> <span class='ocrx_word' id='word_1_83' title='bbox 1333 866 1376 899; x_wconf 87' lang='lat' dir='ltr'>et</span> <span class='ocrx_word' id='word_1_84' title='bbox 1416 866 1604 899; x_wconf 85' lang='lat' dir='ltr'>remotas</span> 
     </span>
     <span class='ocr_line' id='line_1_12' title="bbox 119 925 1603 988; baseline -0.003 -18"><span class='ocrx_word' id='word_1_85' title='bbox 119 938 331 971; x_wconf 88' lang='lat' dir='ltr'>terrarum</span> <span class='ocrx_word' id='word_1_86' title='bbox 367 929 570 988; x_wconf 80' lang='lat' dir='ltr'>regiones</span> <span class='ocrx_word' id='word_1_87' title='bbox 610 939 695 970; x_wconf 91' lang='lat' dir='ltr'>tam</span> <span class='ocrx_word' id='word_1_88' title='bbox 738 928 863 986; x_wconf 85' lang='lat' dir='ltr'>pueri</span> <span class='ocrx_word' id='word_1_89' title='bbox 892 944 1020 986; x_wconf 88' lang='lat' dir='ltr'>quam</span> <span class='ocrx_word' id='word_1_90' title='bbox 1049 927 1195 985; x_wconf 87' lang='lat' dir='ltr'>puelle</span> <span class='ocrx_word' id='word_1_91' title='bbox 1228 926 1520 976; x_wconf 82' lang='lat' dir='ltr'>auferrentur,</span> <span class='ocrx_word' id='word_1_92' title='bbox 1560 925 1603 966; x_wconf 88' lang='lat' dir='ltr'>in</span> 
     </span>
     <span class='ocr_line' id='line_1_13' title="bbox 118 996 1602 1055; baseline -0.003 -17"><span class='ocrx_word' id='word_1_93' title='bbox 118 997 259 1054; x_wconf 82' lang='lat' dir='ltr'>platea</span> <span class='ocrx_word' id='word_1_94' title='bbox 288 1008 387 1039; x_wconf 83' lang='lat' dir='ltr'>ante</span> <span class='ocrx_word' id='word_1_95' title='bbox 422 997 629 1055; x_wconf 86' lang='lat' dir='ltr'>palatium</span> <span class='ocrx_word' id='word_1_96' title='bbox 670 996 958 1047; x_wconf 87' lang='lat' dir='ltr'>convenisse,</span> <span class='ocrx_word' id='word_1_97' title='bbox 997 996 1070 1037; x_wconf 92' lang='lat' dir='ltr'>ubi</span> <span class='ocrx_word' id='word_1_98' title='bbox 1100 996 1298 1053; x_wconf 82' lang='lat' dir='ltr'>profecto</span> <span class='ocrx_word' id='word_1_99' title='bbox 1333 1002 1602 1036; x_wconf 86' lang='lat' dir='ltr'>mortuorum</span> 
     </span>
     <span class='ocr_line' id='line_1_14' title="bbox 118 1063 1602 1122; baseline -0.001 -17"><span class='ocrx_word' id='word_1_100' title='bbox 118 1064 262 1121; x_wconf 87' lang='lat' dir='ltr'>potius</span> <span class='ocrx_word' id='word_1_101' title='bbox 307 1065 486 1106; x_wconf 87' lang='lat' dir='ltr'>inferias</span> <span class='ocrx_word' id='word_1_102' title='bbox 522 1066 796 1107; x_wconf 88' lang='lat' dir='ltr'>conclamare</span> <span class='ocrx_word' id='word_1_103' title='bbox 833 1080 961 1122; x_wconf 84' lang='lat' dir='ltr'>quam</span> <span class='ocrx_word' id='word_1_104' title='bbox 1003 1063 1169 1122; x_wconf 83' lang='lat' dir='ltr'>aliquid</span> <span class='ocrx_word' id='word_1_105' title='bbox 1213 1063 1329 1104; x_wconf 89' lang='lat' dir='ltr'>aliud</span> <span class='ocrx_word' id='word_1_106' title='bbox 1364 1078 1602 1120; x_wconf 84' lang='lat' dir='ltr'>personare</span> 
     </span>
     <span class='ocr_line' id='line_1_15' title="bbox 117 1130 1602 1190; baseline -0.001 -18"><span class='ocrx_word' id='word_1_107' title='bbox 117 1131 190 1174; x_wconf 88' lang='lat' dir='ltr'>diu</span> <span class='ocrx_word' id='word_1_108' title='bbox 228 1133 500 1190; x_wconf 84' lang='lat' dir='ltr'>multumque</span> <span class='ocrx_word' id='word_1_109' title='bbox 535 1133 823 1174; x_wconf 88' lang='lat' dir='ltr'>auscultando</span> <span class='ocrx_word' id='word_1_110' title='bbox 860 1132 1048 1173; x_wconf 85' lang='lat' dir='ltr'>audires.</span> <span class='ocrx_word' id='word_1_111' title='bbox 1094 1133 1227 1188; x_wconf 77' lang='lat' dir='ltr'>Cujus</span> <span class='ocrx_word' id='word_1_112' title='bbox 1264 1130 1476 1172; x_wconf 89' lang='lat' dir='ltr'>terribilis</span> <span class='ocrx_word' id='word_1_113' title='bbox 1515 1130 1602 1171; x_wconf 88' lang='lat' dir='ltr'>cla-</span> 
     </span>
     <span class='ocr_line' id='line_1_16' title="bbox 117 1200 1599 1259; baseline 0 -18"><span class='ocrx_word' id='word_1_114' title='bbox 117 1200 249 1242; x_wconf 88' lang='lat' dir='ltr'>moris</span> <span class='ocrx_word' id='word_1_115' title='bbox 288 1202 497 1259; x_wconf 85' lang='lat' dir='ltr'>strepitus</span> <span class='ocrx_word' id='word_1_116' title='bbox 535 1219 632 1243; x_wconf 90' lang='lat' dir='ltr'>cum</span> <span class='ocrx_word' id='word_1_117' title='bbox 676 1202 765 1242; x_wconf 84' lang='lat' dir='ltr'>sere</span> <span class='ocrx_word' id='word_1_118' title='bbox 799 1202 851 1242; x_wconf 91' lang='lat' dir='ltr'>ad</span> <span class='ocrx_word' id='word_1_119' title='bbox 890 1203 1039 1242; x_wconf 86' lang='lat' dir='ltr'>ethera</span> <span class='ocrx_word' id='word_1_120' title='bbox 1079 1217 1216 1258; x_wconf 86' lang='lat' dir='ltr'>usque</span> <span class='ocrx_word' id='word_1_121' title='bbox 1250 1200 1599 1249; x_wconf 83' lang='lat' dir='ltr'>conscenderet,</span> 
     </span>
     <span class='ocr_line' id='line_1_17' title="bbox 118 1268 1599 1327; baseline 0 -18"><span class='ocrx_word' id='word_1_122' title='bbox 118 1284 197 1310; x_wconf 86' lang='lat' dir='ltr'>nee</span> <span class='ocrx_word' id='word_1_123' title='bbox 232 1269 364 1327; x_wconf 82' lang='lat' dir='ltr'>regiis</span> <span class='ocrx_word' id='word_1_124' title='bbox 398 1271 575 1311; x_wconf 88' lang='lat' dir='ltr'>auribus</span> <span class='ocrx_word' id='word_1_125' title='bbox 615 1286 696 1311; x_wconf 86' lang='lat' dir='ltr'>nec</span> <span class='ocrx_word' id='word_1_126' title='bbox 741 1269 903 1311; x_wconf 90' lang='lat' dir='ltr'>nostris</span> <span class='ocrx_word' id='word_1_127' title='bbox 944 1285 1023 1310; x_wconf 86' lang='lat' dir='ltr'>nec</span> <span class='ocrx_word' id='word_1_128' title='bbox 1068 1268 1328 1310; x_wconf 89' lang='lat' dir='ltr'>obtimatum</span> <span class='ocrx_word' id='word_1_129' title='bbox 1374 1268 1599 1326; x_wconf 80' lang='lat' dir='ltr'>pepercit,</span> 
     </span>
     <span class='ocr_line' id='line_1_18' title="bbox 117 1335 1599 1395; baseline -0.001 -17"><span class='ocrx_word' id='word_1_130' title='bbox 117 1337 221 1394; x_wconf 89' lang='lat' dir='ltr'>quin</span> <span class='ocrx_word' id='word_1_131' title='bbox 247 1337 348 1379; x_wconf 80' lang='lat' dir='ltr'>ilico</span> <span class='ocrx_word' id='word_1_132' title='bbox 377 1339 429 1380; x_wconf 90' lang='lat' dir='ltr'>ad</span> <span class='ocrx_word' id='word_1_133' title='bbox 457 1338 607 1395; x_wconf 87' lang='lat' dir='ltr'>palatii</span> <span class='ocrx_word' id='word_1_134' title='bbox 631 1338 843 1380; x_wconf 84' lang='lat' dir='ltr'>fenestras</span> <span class='ocrx_word' id='word_1_135' title='bbox 869 1345 1185 1379; x_wconf 82' lang='lat' dir='ltr'>concurrentes</span> <span class='ocrx_word' id='word_1_136' title='bbox 1215 1337 1429 1387; x_wconf 87' lang='lat' dir='ltr'>dolorem,</span> <span class='ocrx_word' id='word_1_137' title='bbox 1455 1335 1599 1386; x_wconf 71' lang='lat' dir='ltr'>fletus,</span> 
     </span>
     <span class='ocr_line' id='line_1_19' title="bbox 114 1404 1598 1464; baseline -0.001 -18"><span class='ocrx_word' id='word_1_138' title='bbox 114 1421 326 1463; x_wconf 80' lang='lat' dir='ltr'>genarum</span> <span class='ocrx_word' id='word_1_139' title='bbox 354 1406 693 1464; x_wconf 85' lang='lat' dir='ltr'>disruptionem,</span> <span class='ocrx_word' id='word_1_140' title='bbox 724 1414 951 1463; x_wconf 85' lang='lat' dir='ltr'>pectorum</span> <span class='ocrx_word' id='word_1_141' title='bbox 981 1405 1288 1447; x_wconf 89' lang='lat' dir='ltr'>decussionem</span> <span class='ocrx_word' id='word_1_142' title='bbox 1313 1404 1598 1453; x_wconf 80' lang='lat' dir='ltr'>admirantes,</span> 
     </span>
     <span class='ocr_line' id='line_1_20' title="bbox 114 1473 1596 1530; baseline 0.001 -16"><span class='ocrx_word' id='word_1_143' title='bbox 114 1474 405 1530; x_wconf 78' lang='lat' dir='ltr'>gehennalem</span> <span class='ocrx_word' id='word_1_144' title='bbox 444 1474 708 1516; x_wconf 86' lang='lat' dir='ltr'>arbitramur</span> <span class='ocrx_word' id='word_1_145' title='bbox 742 1474 977 1515; x_wconf 88' lang='lat' dir='ltr'>miseriam.</span> <span class='ocrx_word' id='word_1_146' title='bbox 1015 1476 1107 1516; x_wconf 78' lang='lat' dir='ltr'>Rex</span> <span class='ocrx_word' id='word_1_147' title='bbox 1147 1473 1294 1530; x_wconf 87' lang='lat' dir='ltr'>itaque</span> <span class='ocrx_word' id='word_1_148' title='bbox 1326 1481 1596 1516; x_wconf 78' lang='lat' dir='ltr'>mansuetus.</span> 
     </span>
     <span class='ocr_line' id='line_1_21' title="bbox 118 1540 1595 1601; baseline 0 -20"><span class='ocrx_word' id='word_1_149' title='bbox 118 1557 193 1582; x_wconf 89' lang='lat' dir='ltr'>nos</span> <span class='ocrx_word' id='word_1_150' title='bbox 233 1541 276 1582; x_wconf 88' lang='lat' dir='ltr'>in</span> <span class='ocrx_word' id='word_1_151' title='bbox 314 1552 482 1599; x_wconf 87' lang='lat' dir='ltr'>partem</span> <span class='ocrx_word' id='word_1_152' title='bbox 525 1543 758 1594; x_wconf 87' lang='lat' dir='ltr'>reducens,</span> <span class='ocrx_word' id='word_1_153' title='bbox 793 1542 1043 1601; x_wconf 83' lang='lat' dir='ltr'>queritabat</span> <span class='ocrx_word' id='word_1_154' title='bbox 1082 1541 1235 1583; x_wconf 88' lang='lat' dir='ltr'>anxius</span> <span class='ocrx_word' id='word_1_155' title='bbox 1273 1540 1379 1598; x_wconf 91' lang='lat' dir='ltr'>quid</span> <span class='ocrx_word' id='word_1_156' title='bbox 1418 1541 1595 1591; x_wconf 87' lang='lat' dir='ltr'>faceret,</span> 
     </span>
     <span class='ocr_line' id='line_1_22' title="bbox 115 1608 1599 1669; baseline -0.001 -19"><span class='ocrx_word' id='word_1_157' title='bbox 115 1611 358 1668; x_wconf 85' lang='lat' dir='ltr'>angebatur</span> <span class='ocrx_word' id='word_1_158' title='bbox 392 1610 507 1651; x_wconf 88' lang='lat' dir='ltr'>enim</span> <span class='ocrx_word' id='word_1_159' title='bbox 536 1611 797 1669; x_wconf 84' lang='lat' dir='ltr'>utrobique,</span> <span class='ocrx_word' id='word_1_160' title='bbox 829 1627 882 1652; x_wconf 90' lang='lat' dir='ltr'>ne</span> <span class='ocrx_word' id='word_1_161' title='bbox 914 1612 948 1651; x_wconf 86' lang='lat' dir='ltr'>si</span> <span class='ocrx_word' id='word_1_162' title='bbox 974 1627 1048 1651; x_wconf 90' lang='lat' dir='ltr'>eos</span> <span class='ocrx_word' id='word_1_163' title='bbox 1071 1609 1314 1651; x_wconf 85' lang='lat' dir='ltr'>dimitteret</span> <span class='ocrx_word' id='word_1_164' title='bbox 1342 1608 1529 1651; x_wconf 86' lang='lat' dir='ltr'>civitatis</span> <span class='ocrx_word' id='word_1_165' title='bbox 1558 1618 1599 1649; x_wconf 88' lang='lat' dir='ltr'>et</span> 
     </span>
     <span class='ocr_line' id='line_1_23' title="bbox 115 1677 1599 1736; baseline -0.001 -17"><span class='ocrx_word' id='word_1_166' title='bbox 115 1678 254 1734; x_wconf 85' lang='lat' dir='ltr'>patrie</span> <span class='ocrx_word' id='word_1_167' title='bbox 275 1678 529 1736; x_wconf 88' lang='lat' dir='ltr'>dampnum,</span> <span class='ocrx_word' id='word_1_168' title='bbox 563 1679 595 1719; x_wconf 89' lang='lat' dir='ltr'>si</span> <span class='ocrx_word' id='word_1_169' title='bbox 620 1695 693 1720; x_wconf 89' lang='lat' dir='ltr'>eos</span> <span class='ocrx_word' id='word_1_170' title='bbox 718 1678 830 1720; x_wconf 83' lang='lat' dir='ltr'>sicut</span> <span class='ocrx_word' id='word_1_171' title='bbox 854 1678 1118 1735; x_wconf 87' lang='lat' dir='ltr'>dispositum</span> <span class='ocrx_word' id='word_1_172' title='bbox 1148 1686 1240 1718; x_wconf 88' lang='lat' dir='ltr'>erat</span> <span class='ocrx_word' id='word_1_173' title='bbox 1266 1677 1471 1727; x_wconf 84' lang='lat' dir='ltr'>auferret,</span> <span class='ocrx_word' id='word_1_174' title='bbox 1500 1692 1599 1717; x_wconf 91' lang='lat' dir='ltr'>cru-</span> 
     </span>
     <span class='ocr_line' id='line_1_24' title="bbox 114 1745 1596 1805; baseline 0.001 -20"><span class='ocrx_word' id='word_1_175' title='bbox 114 1745 338 1787; x_wconf 85' lang='lat' dir='ltr'>delitatem</span> <span class='ocrx_word' id='word_1_176' title='bbox 375 1755 416 1787; x_wconf 91' lang='lat' dir='ltr'>ct</span> <span class='ocrx_word' id='word_1_177' title='bbox 450 1747 569 1805; x_wconf 83' lang='lat' dir='ltr'>regie</span> <span class='ocrx_word' id='word_1_178' title='bbox 611 1747 851 1803; x_wconf 81' lang='lat' dir='ltr'>majestatis</span> <span class='ocrx_word' id='word_1_179' title='bbox 888 1747 1099 1788; x_wconf 78' lang='lat' dir='ltr'>offensam</span> <span class='ocrx_word' id='word_1_180' title='bbox 1140 1745 1405 1787; x_wconf 87' lang='lat' dir='ltr'>admitteret.</span> <span class='ocrx_word' id='word_1_181' title='bbox 1441 1745 1596 1791; x_wconf 79' lang='lat' dir='ltr'>Unde,</span> 
     </span>
     <span class='ocr_line' id='line_1_25' title="bbox 115 1814 1596 1872; baseline 0.002 -18"><span class='ocrx_word' id='word_1_182' title='bbox 115 1829 211 1854; x_wconf 80' lang='lat' dir='ltr'>cum</span> <span class='ocrx_word' id='word_1_183' title='bbox 233 1830 384 1855; x_wconf 89' lang='lat' dir='ltr'>omnes</span> <span class='ocrx_word' id='word_1_184' title='bbox 408 1815 574 1872; x_wconf 88' lang='lat' dir='ltr'>pariter</span> <span class='ocrx_word' id='word_1_185' title='bbox 601 1816 653 1857; x_wconf 90' lang='lat' dir='ltr'>ad</span> <span class='ocrx_word' id='word_1_186' title='bbox 684 1816 797 1856; x_wconf 86' lang='lat' dir='ltr'>hanc</span> <span class='ocrx_word' id='word_1_187' title='bbox 823 1814 996 1856; x_wconf 88' lang='lat' dir='ltr'>consilii</span> <span class='ocrx_word' id='word_1_188' title='bbox 1021 1814 1342 1856; x_wconf 84' lang='lat' dir='ltr'>discussionem</span> <span class='ocrx_word' id='word_1_189' title='bbox 1372 1814 1596 1857; x_wconf 68' lang='lat' dir='ltr'>hcrerent.</span> 
     </span>
     <span class='ocr_line' id='line_1_26' title="bbox 117 1882 1594 1941; baseline 0 -20"><span class='ocrx_word' id='word_1_190' title='bbox 117 1897 194 1922; x_wconf 87' lang='lat' dir='ltr'>nos</span> <span class='ocrx_word' id='word_1_191' title='bbox 232 1882 439 1924; x_wconf 85' lang='lat' dir='ltr'>audacter</span> <span class='ocrx_word' id='word_1_192' title='bbox 472 1884 590 1941; x_wconf 87' lang='lat' dir='ltr'>quod</span> <span class='ocrx_word' id='word_1_193' title='bbox 626 1883 859 1925; x_wconf 82' lang='lat' dir='ltr'>videbatur</span> <span class='ocrx_word' id='word_1_194' title='bbox 891 1883 934 1924; x_wconf 89' lang='lat' dir='ltr'>in</span> <span class='ocrx_word' id='word_1_195' title='bbox 976 1882 1167 1924; x_wconf 90' lang='lat' dir='ltr'>medium</span> <span class='ocrx_word' id='word_1_196' title='bbox 1208 1882 1541 1939; x_wconf 81' lang='lat' dir='ltr'>proferebamus</span> <span class='ocrx_word' id='word_1_197' title='bbox 1588 1898 1594 1921; x_wconf 89' lang='lat'>:</span> 
     </span>
     <span class='ocr_line' id='line_1_27' title="bbox 116 1949 1597 2010; baseline 0.001 -22"><span class='ocrx_word' id='word_1_198' title='bbox 116 1966 136 1987; x_wconf 89' lang='lat'>«</span> <span class='ocrx_word' id='word_1_199' title='bbox 172 1949 375 2002; x_wconf 82' lang='lat' dir='ltr'>Domine,</span> <span class='ocrx_word' id='word_1_200' title='bbox 404 1949 599 2008; x_wconf 86' lang='lat' dir='ltr'>inquam,</span> <span class='ocrx_word' id='word_1_201' title='bbox 631 1968 705 1993; x_wconf 88' lang='lat' dir='ltr'>rex</span> <span class='ocrx_word' id='word_1_202' title='bbox 736 1968 888 2010; x_wconf 81' lang='lat' dir='ltr'>regum</span> <span class='ocrx_word' id='word_1_203' title='bbox 914 1960 955 1992; x_wconf 84' lang='lat' dir='ltr'>ct</span> <span class='ocrx_word' id='word_1_204' title='bbox 981 1951 1185 1992; x_wconf 81' lang='lat' dir='ltr'>(lominus</span> <span class='ocrx_word' id='word_1_205' title='bbox 1208 1949 1530 1991; x_wconf 86' lang='lat' dir='ltr'>dominantium</span> <span class='ocrx_word' id='word_1_206' title='bbox 1556 1957 1597 1989; x_wconf 88' lang='lat' dir='ltr'>te</span> 
     </span>
     <span class='ocr_line' id='line_1_28' title="bbox 116 2016 1596 2075; baseline 0.001 -19"><span class='ocrx_word' id='word_1_207' title='bbox 116 2032 386 2075; x_wconf 84' lang='lat' dir='ltr'>regnumque</span> <span class='ocrx_word' id='word_1_208' title='bbox 431 2027 552 2059; x_wconf 90' lang='lat' dir='ltr'>tuum</span> <span class='ocrx_word' id='word_1_209' title='bbox 596 2018 937 2067; x_wconf 83' lang='lat' dir='ltr'>administrans,</span> <span class='ocrx_word' id='word_1_210' title='bbox 984 2018 1018 2059; x_wconf 90' lang='lat' dir='ltr'>si</span> <span class='ocrx_word' id='word_1_211' title='bbox 1065 2027 1284 2059; x_wconf 90' lang='lat' dir='ltr'>tantarum</span> <span class='ocrx_word' id='word_1_212' title='bbox 1322 2016 1596 2058; x_wconf 84' lang='lat' dir='ltr'>miseriarum</span> 
     </span>
     <span class='ocr_line' id='line_1_29' title="bbox 114 2083 1599 2142; baseline 0.001 -18"><span class='ocrx_word' id='word_1_213' title='bbox 114 2083 352 2142; x_wconf 86' lang='lat' dir='ltr'>inopinatis</span> <span class='ocrx_word' id='word_1_214' title='bbox 374 2087 746 2128; x_wconf 89' lang='lat' dir='ltr'>condescendcris</span> <span class='ocrx_word' id='word_1_215' title='bbox 766 2087 1015 2137; x_wconf 88' lang='lat' dir='ltr'>tormentis,</span> <span class='ocrx_word' id='word_1_216' title='bbox 1044 2096 1085 2129; x_wconf 91' lang='lat' dir='ltr'>et</span> <span class='ocrx_word' id='word_1_217' title='bbox 1107 2095 1224 2128; x_wconf 89' lang='lat' dir='ltr'>tuam</span> <span class='ocrx_word' id='word_1_218' title='bbox 1251 2085 1599 2127; x_wconf 86' lang='lat' dir='ltr'>misericorditer</span> 
     </span>
     <span class='ocr_line' id='line_1_30' title="bbox 113 2153 1596 2212; baseline 0.001 -19"><span class='ocrx_word' id='word_1_219' title='bbox 113 2169 345 2209; x_wconf 86' lang='lat' dir='ltr'>personam</span> <span class='ocrx_word' id='word_1_220' title='bbox 374 2154 654 2195; x_wconf 81' lang='lat' dir='ltr'>conservabit</span> <span class='ocrx_word' id='word_1_221' title='bbox 691 2163 735 2196; x_wconf 86' lang='lat' dir='ltr'>et</span> <span class='ocrx_word' id='word_1_222' title='bbox 767 2157 880 2197; x_wconf 88' lang='lat' dir='ltr'>hanc</span> <span class='ocrx_word' id='word_1_223' title='bbox 909 2164 951 2197; x_wconf 91' lang='lat' dir='ltr'>et</span> <span class='ocrx_word' id='word_1_224' title='bbox 985 2154 1090 2196; x_wconf 87' lang='lat' dir='ltr'>alias</span> <span class='ocrx_word' id='word_1_225' title='bbox 1124 2154 1360 2212; x_wconf 84' lang='lat' dir='ltr'>Aquitanie</span> <span class='ocrx_word' id='word_1_226' title='bbox 1399 2153 1596 2195; x_wconf 87' lang='lat' dir='ltr'>civitates</span> 
     </span>
     <span class='ocr_line' id='line_1_31' title="bbox 114 2220 1592 2282; baseline 0.001 -21"><span class='ocrx_word' id='word_1_227' title='bbox 114 2220 363 2263; x_wconf 87' lang='lat' dir='ltr'>misericors</span> <span class='ocrx_word' id='word_1_228' title='bbox 393 2231 435 2263; x_wconf 90' lang='lat' dir='ltr'>et</span> <span class='ocrx_word' id='word_1_229' title='bbox 461 2222 692 2264; x_wconf 82' lang='lat' dir='ltr'>miserator</span> <span class='ocrx_word' id='word_1_230' title='bbox 718 2223 935 2266; x_wconf 87' lang='lat' dir='ltr'>Dominus</span> <span class='ocrx_word' id='word_1_231' title='bbox 958 2222 1228 2282; x_wconf 79' lang='lat' dir='ltr'>subjugabit.</span> <span class='ocrx_word' id='word_1_232' title='bbox 1266 2224 1369 2264; x_wconf 84' lang='lat' dir='ltr'>Esto</span> <span class='ocrx_word' id='word_1_233' title='bbox 1396 2238 1592 2273; x_wconf 77' lang='lat' dir='ltr'>securuS,</span> 
     </span>
     <span class='ocr_line' id='line_1_32' title="bbox 112 2289 1595 2347; baseline 0.001 -18"><span class='ocrx_word' id='word_1_234' title='bbox 112 2297 275 2345; x_wconf 84' lang='lat' dir='ltr'>quanto</span> <span class='ocrx_word' id='word_1_235' title='bbox 302 2289 518 2347; x_wconf 84' lang='lat' dir='ltr'>siquidem</span> <span class='ocrx_word' id='word_1_236' title='bbox 554 2291 827 2332; x_wconf 84' lang='lat' dir='ltr'>crudelitatis</span> <span class='ocrx_word' id='word_1_237' title='bbox 857 2292 999 2333; x_wconf 89' lang='lat' dir='ltr'>minus</span> <span class='ocrx_word' id='word_1_238' title='bbox 1035 2291 1287 2337; x_wconf 72' lang='lat' dir='ltr'>admiseris,</span> <span class='ocrx_word' id='word_1_239' title='bbox 1322 2298 1444 2331; x_wconf 90' lang='lat' dir='ltr'>tanto</span> <span class='ocrx_word' id='word_1_240' title='bbox 1477 2290 1595 2346; x_wconf 72' lang='lat' dir='ltr'>regie</span> 
     </span>
     <span class='ocr_line' id='line_1_33' title="bbox 113 2357 1592 2417; baseline 0.001 -20"><span class='ocrx_word' id='word_1_241' title='bbox 113 2357 350 2412; x_wconf 85' lang='lat' dir='ltr'>majestatis</span> <span class='ocrx_word' id='word_1_242' title='bbox 394 2359 605 2399; x_wconf 83' lang='lat' dir='ltr'>honorem</span> <span class='ocrx_word' id='word_1_243' title='bbox 655 2359 802 2400; x_wconf 85' lang='lat' dir='ltr'>divina</span> <span class='ocrx_word' id='word_1_244' title='bbox 845 2359 1041 2417; x_wconf 85' lang='lat' dir='ltr'>potentia</span> <span class='ocrx_word' id='word_1_245' title='bbox 1099 2358 1398 2415; x_wconf 73' lang='lat' dir='ltr'>amplificabit.</span> <span class='ocrx_word' id='word_1_246' title='bbox 1440 2376 1460 2397; x_wconf 86' lang='lat'>»</span> <span class='ocrx_word' id='word_1_247' title='bbox 1510 2357 1592 2411; x_wconf 84' lang='lat' dir='ltr'>Qui</span> 
     </span>
     <span class='ocr_line' id='line_1_34' title="bbox 112 2425 1592 2484; baseline 0.001 -19"><span class='ocrx_word' id='word_1_248' title='bbox 112 2441 230 2475; x_wconf 85' lang='lat' dir='ltr'>mox,</span> <span class='ocrx_word' id='word_1_249' title='bbox 265 2425 477 2467; x_wconf 87' lang='lat' dir='ltr'>instinctu</span> <span class='ocrx_word' id='word_1_250' title='bbox 515 2426 664 2467; x_wconf 89' lang='lat' dir='ltr'>divino</span> <span class='ocrx_word' id='word_1_251' title='bbox 697 2428 880 2469; x_wconf 86' lang='lat' dir='ltr'>edoctus</span> <span class='ocrx_word' id='word_1_252' title='bbox 909 2445 916 2468; x_wconf 89' lang='lat'>:</span> <span class='ocrx_word' id='word_1_253' title='bbox 948 2446 966 2467; x_wconf 64' lang='grc'>(1</span> <span class='ocrx_word' id='word_1_254' title='bbox 1005 2429 1183 2478; x_wconf 82' lang='lat' dir='ltr'>Venite,</span> <span class='ocrx_word' id='word_1_255' title='bbox 1213 2426 1382 2484; x_wconf 87' lang='lat' dir='ltr'>iuquit,</span> <span class='ocrx_word' id='word_1_256' title='bbox 1424 2443 1592 2468; x_wconf 88' lang='lat' dir='ltr'>mecum</span> 
     </span>
     <span class='ocr_line' id='line_1_35' title="bbox 109 2493 1592 2554; baseline 0.002 -21"><span class='ocrx_word' id='word_1_257' title='bbox 109 2493 161 2534; x_wconf 90' lang='lat' dir='ltr'>ad</span> <span class='ocrx_word' id='word_1_258' title='bbox 193 2493 404 2535; x_wconf 86' lang='lat' dir='ltr'>fenestras</span> <span class='ocrx_word' id='word_1_259' title='bbox 430 2502 472 2535; x_wconf 89' lang='lat' dir='ltr'>et</span> <span class='ocrx_word' id='word_1_260' title='bbox 503 2511 552 2535; x_wconf 80' lang='lat' dir='ltr'>cx</span> <span class='ocrx_word' id='word_1_261' title='bbox 580 2495 697 2536; x_wconf 89' lang='lat' dir='ltr'>dono</span> <span class='ocrx_word' id='word_1_262' title='bbox 727 2495 846 2554; x_wconf 75' lang='lat' dir='ltr'>regie</span> <span class='ocrx_word' id='word_1_263' title='bbox 873 2495 1151 2537; x_wconf 84' lang='lat' dir='ltr'>liberalitatis</span> <span class='ocrx_word' id='word_1_264' title='bbox 1184 2495 1433 2537; x_wconf 79' lang='lat' dir='ltr'>communie</span> <span class='ocrx_word' id='word_1_265' title='bbox 1466 2495 1592 2536; x_wconf 86' lang='lat' dir='ltr'>soris-</span> 
     </span>
     <span class='ocr_line' id='line_1_36' title="bbox 110 2560 1592 2621; baseline 0.002 -20"><span class='ocrx_word' id='word_1_266' title='bbox 110 2560 208 2602; x_wconf 73' lang='lat' dir='ltr'>sacti</span> <span class='ocrx_word' id='word_1_267' title='bbox 245 2562 570 2614; x_wconf 85' lang='lat' dir='ltr'>remissionem,</span> <span class='ocrx_word' id='word_1_268' title='bbox 615 2580 849 2620; x_wconf 89' lang='lat' dir='ltr'>puerorum</span> <span class='ocrx_word' id='word_1_269' title='bbox 886 2581 1062 2606; x_wconf 88' lang='lat' dir='ltr'>suorum</span> <span class='ocrx_word' id='word_1_270' title='bbox 1099 2564 1281 2606; x_wconf 86' lang='lat' dir='ltr'>liberam</span> <span class='ocrx_word' id='word_1_271' title='bbox 1322 2573 1363 2605; x_wconf 78' lang='lat' dir='ltr'>et</span> <span class='ocrx_word' id='word_1_272' title='bbox 1401 2564 1592 2621; x_wconf 84' lang='lat' dir='ltr'>quietam</span> 
     </span>
     <span class='ocr_line' id='line_1_37' title="bbox 110 2629 1591 2690; baseline 0.002 -20"><span class='ocrx_word' id='word_1_273' title='bbox 110 2629 403 2671; x_wconf 85' lang='lat' dir='ltr'>redditionem</span> <span class='ocrx_word' id='word_1_274' title='bbox 431 2631 636 2672; x_wconf 85' lang='lat' dir='ltr'>omnibus</span> <span class='ocrx_word' id='word_1_275' title='bbox 665 2632 888 2688; x_wconf 79' lang='lat' dir='ltr'>exponite,</span> <span class='ocrx_word' id='word_1_276' title='bbox 919 2641 961 2674; x_wconf 88' lang='lat' dir='ltr'>et</span> <span class='ocrx_word' id='word_1_277' title='bbox 993 2649 1046 2674; x_wconf 90' lang='grc'>110</span> <span class='ocrx_word' id='word_1_278' title='bbox 1072 2633 1283 2690; x_wconf 82' lang='lat' dir='ltr'>deinceps</span> <span class='ocrx_word' id='word_1_279' title='bbox 1313 2633 1396 2673; x_wconf 80' lang='lat' dir='ltr'>tale</span> <span class='ocrx_word' id='word_1_280' title='bbox 1426 2631 1591 2689; x_wconf 84' lang='lat' dir='ltr'>aliquid</span> 
     </span>
     <span class='ocr_line' id='line_1_38' title="bbox 108 2699 1592 2760; baseline 0.003 -23"><span class='ocrx_word' id='word_1_281' title='bbox 108 2699 399 2749; x_wconf 79' lang='lat' dir='ltr'>committant,</span> <span class='ocrx_word' id='word_1_282' title='bbox 449 2716 503 2741; x_wconf 88' lang='lat' dir='ltr'>ne</span> <span class='ocrx_word' id='word_1_283' title='bbox 549 2700 743 2741; x_wconf 89' lang='lat' dir='ltr'>deterius</span> <span class='ocrx_word' id='word_1_284' title='bbox 789 2701 851 2742; x_wconf 91' lang='lat' dir='ltr'>eis</span> <span class='ocrx_word' id='word_1_285' title='bbox 901 2701 1066 2760; x_wconf 86' lang='lat' dir='ltr'>aliquid</span> <span class='ocrx_word' id='word_1_286' title='bbox 1119 2701 1360 2759; x_wconf 78' lang='lat' dir='ltr'>contingat,</span> <span class='ocrx_word' id='word_1_287' title='bbox 1408 2701 1592 2743; x_wconf 84' lang='lat' dir='ltr'>viriliter</span> 
     </span>
     <span class='ocr_line' id='line_1_39' title="bbox 109 2765 1591 2823; baseline 0.003 -17"><span class='ocrx_word' id='word_1_288' title='bbox 109 2765 405 2809; x_wconf 86' lang='lat' dir='ltr'>interminate.</span> <span class='ocrx_word' id='word_1_289' title='bbox 446 2786 466 2807; x_wconf 84' lang='grc'>)&gt;</span> <span class='ocrx_word' id='word_1_290' title='bbox 501 2770 597 2823; x_wconf 87' lang='lat' dir='ltr'>Quo</span> <span class='ocrx_word' id='word_1_291' title='bbox 631 2769 796 2822; x_wconf 87' lang='lat' dir='ltr'>audito,</span> <span class='ocrx_word' id='word_1_292' title='bbox 834 2769 1034 2813; x_wconf 87' lang='lat' dir='ltr'>mirabile</span> <span class='ocrx_word' id='word_1_293' title='bbox 1066 2771 1203 2823; x_wconf 88' lang='lat' dir='ltr'>dictu,</span> <span class='ocrx_word' id='word_1_294' title='bbox 1244 2771 1456 2812; x_wconf 89' lang='lat' dir='ltr'>immensa</span> <span class='ocrx_word' id='word_1_295' title='bbox 1487 2769 1591 2812; x_wconf 86' lang='lat' dir='ltr'>tris-</span> 
     </span>
    </p>
   </div>
  </div>
 </body>
</html>
