1846 3184
142 172 179 201 28
822 178 964 210 SUGER

95 296 99 299 ¹
144 266 164 289 «
204 252 366 293 Christi
388 253 600 309 sanguine
622 254 891 311 redemptam
915 264 958 296 et
978 256 1159 297 liberam
1183 257 1483 308 constitutam,
1505 260 1625 300 nullo

149 334 169 355 «
207 318 338 358 modo
370 319 526 359 iterato
555 320 752 361 ancillari
781 330 1054 379 oporterey;
1093 323 1127 364 si
1163 324 1350 365 eeclesia
1384 340 1434 365 eo
1470 324 1625 366 incon-

147 402 167 422 «
205 385 318 425 sulto
376 386 590 442 prelatum
613 399 627 416 3
672 388 835 446 eligere
886 406 971 430 non
1017 391 1181 446 possit,
1246 399 1412 432 cassata
1460 392 1624 433 Christi

143 469 162 488 «
204 460 357 500 morte,
384 452 421 492 ei
448 453 664 495 serviliter
690 457 945 511 subjacere;
977 456 1009 497 si
1038 457 1159 515 virga
1191 466 1233 498 et
1263 458 1392 498 anulo
1418 458 1623 500 investia-

143 534 161 554 α
200 525 284 565 tur,
320 534 417 558 eum
453 521 504 560 ad
534 521 685 562 altaria
719 522 932 577 ejusmodi
969 523 1236 579 pertineant,
1267 533 1418 565 contra
1449 527 1625 566 Deuma

143 601 162 621 «
200 583 343 640 ipsum
380 602 617 643 usurpare;
660 589 695 629 si
733 598 922 630 sacratas
961 590 1194 632 Dominico
1235 593 1409 648 corpori
1445 601 1487 632 et
1525 609 1623 633 san-

146 667 167 687 «
200 650 323 707 guini
344 651 361 680 b
395 669 547 694 manus
576 655 674 696 laici
706 656 908 698 manibus
945 657 1093 713 gladio
1123 658 1473 715 sanguinolentis
1510 659 1624 700 obli-

144 735 164 755 «
199 718 345 774 gando
369 730 635 777 supponant,
655 723 799 763 ordini
821 739 898 764 suo
921 732 963 764 et
985 740 1106 765 sacre
1127 724 1326 765 unctioni
1348 725 1577 782 derogare.
1601 745 1621 766 »

142 785 338 841 Cumque
367 787 448 828 hec
478 796 521 828 et
545 789 613 829 his
641 790 799 830 similia
823 790 1033 832 cervicosi
1058 791 1286 832 audissent
1309 791 1458 849 legati,
1485 800 1623 833 teuto-

142 852 240 892 nico
271 852 435 910 inipetu
461 855 715 898 frendentes
746 858 1088 910 tumultuabant,
1119 867 1178 909 et,
1210 858 1243 899 si
1274 867 1369 900 tuto
1392 859 1620 910 auderent,

141 918 339 960 convicia
389 930 669 964 eructuarent
690 935 732 974 ⁶,
787 924 969 979 injurias
1024 925 1253 966 inferrent.
1313 943 1333 965 «
1376 927 1473 968 Non
1523 925 1620 977 hic,

143 1002 164 1024 ((
200 985 420 1043 inquiunt,
459 989 535 1030 sed
568 992 703 1032 Rome
731 991 889 1049 gladiis
920 993 1001 1033 hec
1032 992 1340 1034 terminabitur
1367 993 1560 1050 querela.
1600 1012 1620 1033 »

140 1054 301 1094 Verum
340 1071 453 1111 papa
489 1058 771 1114 quamplures
808 1058 924 1099 viros
970 1061 1237 1116 approbatos
1281 1069 1324 1101 et
1363 1060 1528 1117 peritos
1569 1061 1622 1101 ad

141 1121 451 1162 cancellarium
479 1123 612 1175 misit,
645 1124 718 1181 qui
747 1141 844 1166 011111
873 1142 1004 1183 super
1028 1126 1096 1167 his
1122 1127 1364 1183 composite
1388 1135 1430 1168 ct
1450 1126 1622 1183 placide

141 1189 444 1240 convenirent,
470 1199 513 1231 et
545 1192 802 1233 audirentur
830 1202 873 1234 et
906 1194 1125 1244 audirent,
1158 1203 1200 1235 et
1227 1194 1279 1235 ad
1311 1210 1462 1251 pacem
1497 1194 1619 1251 regni

139 1270 238 1294 eum
272 1271 448 1313 operam
480 1257 584 1299 dare
616 1259 776 1300 obnixe
804 1269 1050 1301 exorarent.
1092 1262 1262 1314 Quibus
1292 1261 1618 1310 recedentibus,

140 1318 343 1360 dominus
381 1337 491 1378 papa
532 1325 690 1364 Trecas
733 1325 868 1375 venit,
911 1324 983 1365 diu
1035 1326 1334 1366 submonitum
1377 1324 1622 1365 universale

140 1386 375 1428 concilium
398 1389 640 1431 honorifice
664 1391 902 1431 celebravit
922 1392 951 1441 ¹,
977 1400 1020 1432 et
1044 1408 1140 1433 cum
1163 1408 1309 1433 amore
1331 1394 1617 1441 Francorum,

139 1453 241 1508 quia
263 1454 485 1496 multumd
509 1457 766 1509 servierant,
798 1467 840 1499 et
868 1458 1027 1499 timore
1052 1467 1094 1500 et
1119 1459 1220 1500 odio
1246 1458 1620 1500 Theutonieorum

139 1519 192 1560 ad
221 1522 360 1562 sancti
389 1523 507 1564 Petri
534 1525 684 1565 sedem
709 1541 921 1581 prospere
950 1526 1158 1566 remeavit
1178 1527 1193 1544 Ἴ

198 1598 440 1654 imperator
474 1615 593 1652 vero,
635 1601 830 1642 secundo
872 1601 960 1643 fere
1001 1602 1265 1643 recessionis
1308 1604 1400 1658 ejus
1447 1618 1561 1643 anno
1581 1612 1619 1653 θ,

137 1663 324 1705 collecto
347 1665 535 1707 mirabili
563 1668 745 1726 triginta
766 1668 951 1710 millium
975 1669 1161 1711 militum
1189 1671 1316 1712 hoste
1337 1671 1367 1720 3,

306 1764 476 1774 .........
504 1743 624 1773 Nullas
643 1744 709 1773 nisi
725 1744 892 1785 sanguine
911 1746 986 1775 fuso

301 1790 432 1821 Gaudet
449 1792 576 1823 habere
592 1793 666 1823 vias
685 1794 708 1822 ¹⁴.

177 1921 212 1949 y.
237 1911 393 1941 ancillari
412 1916 525 1951 potest
547 1912 582 1942 C.

180 1963 208 1980 z.
233 1953 449 1991 presulatum
470 1953 506 1983 B.

180 2003 212 2021 a.
240 1993 422 2023 Dominum
443 1994 478 2024 C.

182 2033 212 2063 b.
238 2045 380 2074 corpore
397 2039 430 2065 et
451 2036 618 2076 sanguine
634 2037 668 2066 C.

181 2086 207 2104 c.
232 2080 457 2116 eruptuarent
476 2078 508 2106 F.

180 2115 214 2146 d.
241 2117 339 2146 multi
361 2117 396 2153 C,
416 2118 454 2148 D.
1581 2159 1587 2164 ,

181 2168 208 2186 e.
236 2158 401 2188 Hem-icus
413 2159 611 2199 imperator,
626 2170 705 2200 egre
723 2161 833 2190 serens
849 2171 882 2190 se
895 2160 1070 2200 privatum
1084 2160 1290 2191 investitura
1305 2160 1455 2190 Romane
1467 2159 1620 2193 ecclesoe,

140 2198 181 2227 de
198 2199 368 2229 baronum
384 2200 583 2231 Alemanuie
601 2202 745 2232 consilio
763 2202 905 2232 collecto
927 2202 961 2231 F.

184 2377 211 2406 1.
238 2378 281 2407 Le
305 2389 393 2418 pape
412 2379 524 2409 resida
542 2383 562 2409 a
584 2380 712 2420 Troyes
731 2380 776 2410 du
799 2381 835 2409 21
860 2392 903 2410 311
927 2382 965 2409 23
989 2380 1056 2410 mai
1082 2380 1171 2409 1107.
1202 2380 1266 2409 Des
1292 2383 1399 2409 textes
1426 2378 1541 2408 reunis
1559 2388 1623 2418 par

141 2418 268 2455 Mami,
305 2420 466 2455 eoncilia,
501 2421 566 2457 Xx,
596 2422 787 2457 1217-1220,
818 2422 842 2451 il
875 2422 1002 2451 resulte
1035 2432 1099 2461 que
1129 2422 1158 2450 le
1191 2421 1320 2450 concile
1351 2422 1401 2450 fut
1437 2424 1516 2465 tenu
1544 2430 1622 2449 vers

141 2459 372 2498 l'Ascensi0n;
391 2472 432 2491 en
456 2462 542 2497 1107,
568 2466 654 2491 cette
674 2464 738 2492 sete
760 2463 906 2493 tombait
926 2463 956 2492 le
975 2464 1012 2492 23
1037 2462 1116 2492 mai.
1137 2462 1198 2492 Les
1217 2466 1308 2491 actes
1332 2462 1377 2491 du
1400 2460 1528 2490 concile
1547 2464 1624 2491 sont

168 2501 281 2531 erdus.

142 2511 163 2540 P
184 2543 211 2571 2.
236 2543 358 2572 Pascal
376 2544 404 2572 II
429 2544 539 2584 quitta
556 2545 590 2574 la
616 2544 743 2574 France
764 2549 858 2575 entre
876 2545 907 2574 le
931 2546 968 2574 20
990 2549 1022 2574 et
1045 2545 1076 2574 le
1101 2546 1139 2574 29
1158 2544 1291 2584 juillet;
1320 2546 1339 2572 a
1359 2547 1445 2573 cette
1468 2542 1623 2572 derniere

142 2582 230 2619 date,
245 2583 269 2612 il
287 2584 370 2613 etait
384 2588 403 2613 a
419 2585 607 2615 Lausanne.
1534 2624 1541 2630 θ

182 2625 211 2653 3.
238 2625 468 2665 L'expedition
488 2627 626 2656 d'Henri
644 2627 676 2659 V
695 2638 736 2656 en
758 2627 855 2656 Italic
871 2627 949 2656 date
967 2637 1006 2656 011
1028 2626 1146 2656 realite
1161 2625 1201 2656 de
1223 2626 1412 2661 1110-111’1;
1434 2625 1459 2655 11
1473 2635 1588 2655 art-iva
1604 2627 1625 2654 a

140 2664 244 2694 Rome
259 2677 303 2696 au
318 2667 404 2696 mois
421 2667 462 2696 (10
479 2668 603 2698 sevi-ier
617 2668 657 2698 de
672 2672 757 2698 cette
773 2668 927 2698 ἀει-111010
945 2670 1062 2698 anue'e.

181 2708 211 2736 4.
236 2707 374 2744 Lucain,
394 2708 435 2745 11,
453 2710 597 2739 439-440.

1836 1611 1846 1736 dun-...-
