1846 3184
179 168 218 197 26
846 173 988 204 SUGER

180 245 434 287 madefactis
456 247 507 287 ad
537 248 902 303 patrocinandum
929 251 1071 308 aliqua
1104 251 1142 292 ei
1170 252 1348 292 daretur
1371 251 1656 309 porciuncula

179 312 441 368 suppliciter
459 314 651 355 exoravit
680 333 686 355 :
714 333 735 355 «
759 316 850 359 Nel'
876 317 1124 374 displiceat,
1150 318 1372 375 inquiens,
1398 318 1432 358 si
1453 319 1507 359 (10
1529 318 1658 359 vesti-

179 396 198 416 «
236 379 394 419 mentis
419 382 511 435 ejus
540 381 666 422 nobis
701 384 765 423 vcl
795 400 945 440 parum
976 385 1275 436 reddideritis,
1307 386 1381 442 qui
1411 402 1507 426 eum
1532 386 1657 427 vobis

179 463 199 483 «
236 447 482 502 apostolatu
515 449 656 490 Gallie
687 449 945 509 insignitum
974 453 1140 509 absque
1174 469 1394 494 murmure
1423 452 1655 494 destinavi-

180 531 199 550 «
236 528 345 553 mus.
385 532 405 553 »
457 516 690 557 Occurrit¹
733 517 879 575 itaque
924 518 959 559 ei
999 519 1162 560 ibidem
1207 537 1280 561 rex
1320 520 1563 576 phylippus
1613 529 1657 560 et

175 579 378 620 dominus
414 582 656 624 Ludovicus
690 584 803 625 filius
842 587 933 641 ejus
970 595 1195 643 gratanter
1230 596 1273 628 et
1310 587 1468 636 votive,
1510 603 1657 627 amore

178 646 254 686 Dei
282 649 552 703 majestatem
583 651 747 709 regiam
775 653 963 709 pedibus
992 655 1084 709 ejus
1118 654 1414 703 incurvantes,
1445 654 1655 710 quemad-

175 713 351 754 modum
377 728 700 759 consueverunt
729 720 781 760 ad
808 721 1089 776 sepulchrum
1124 721 1356 778 piscatoris
1383 720 1500 762 Petri
1529 736 1654 778 reges

176 781 394 822 submisso
438 783 685 827 diademate
727 787 952 835 inclinari,
996 804 1105 845 qnos
1139 788 1342 829 dominus
1377 804 1488 845 papa
1526 803 1654 828 manu

175 847 365 905 erigens,
397 858 603 907 tanquam
630 853 936 895 devotissimos
969 855 1265 911 apostolorum
1302 855 1414 895 filios
1433 855 1453 895 J'
1481 863 1580 895 ante
1609 870 1655 896 se

175 915 406 957 residere&
442 918 556 959 fecit.
597 921 703 960 Cum
742 921 901 977 quibus
942 923 995 963 de
1030 931 1144 963 statu
1177 923 1361 964 ecclesie
1389 931 1437 963 ut
1479 921 1654 978 sapiens

175 982 397 1038 sapienter
420 1001 570 1042 agens,
598 987 870 1029 familiariter
897 990 1084 1030 contulit
1108 1007 1270 1047 eosque
1296 990 1456 1031 blande
1485 988 1654 1030 demul-

174 1065 294 1100 cens,
323 1052 450 1092 beato
479 1055 609 1094 Petro
636 1054 808 1112 sibique
831 1058 922 1111 ejus
943 1056 1105 1098 vicario
1128 1057 1346 1114 supplicat
1373 1073 1500 1113 opem
1522 1056 1651 1103 serre,

173 1117 402 1159 ecclesiam
427 1130 728 1173 manutenere,
760 1132 802 1163 et
834 1123 946 1164 sicut
973 1133 1301 1165 antecessorum
1336 1140 1487 1181 regum
1515 1125 1652 1164 Fran—

173 1199 322 1225 corum
349 1188 496 1229 Karoli
528 1189 708 1247 Mag-nil
742 1199 784 1231 et
811 1191 993 1232 aliorum
1031 1209 1122 1233 mos
1158 1192 1353 1243 inolevit,
1383 1191 1582 1247 tyrannis
1611 1197 1654 1230 et

172 1252 357 1294 ecclesie
380 1256 581 1297 hostibus
602 1266 644 1297 et
662 1258 938 1314 potissimum
961 1260 1149 1301 llenrico
1172 1260 1425 1317 imperatori
1446 1259 1654 1299 audacter

171 1319 389 1362 resistere.
422 1322 504 1376 Qui
528 1323 741 1375 amicicie,
768 1326 914 1367 auxilii
942 1336 984 1367 et
1016 1327 1189 1368 consilii
1214 1328 1388 1368 dextras
1414 1326 1650 1373 dederunt,

171 1402 351 1443 regnum
383 1401 681 1446 exposuerunt
695 1404 742 1445 ⁷⁷²,
773 1403 815 1434 et
849 1394 922 1451 qui
952 1411 1049 1435 cnm
1081 1411 1131 1436 eo
1158 1396 1443 1436 Catalaunum
1465 1395 1481 1421 ‘3
1512 1395 1651 1449 impe-

170 1455 326 1495 ratoris
364 1456 518 1514 legatis
553 1473 785 1501 occurrere
820 1461 1053 1511 festinent,
1090 1462 1448 1518 archiepiscopos
1481 1469 1523 1502 et
1558 1460 1653 1517 epi-

172 1537 330 1577 scopos
363 1532 404 1563 et
433 1525 633 1566 abbatem
672 1528 821 1569 Sancti
857 1528 1045 1569 Dionisii
1076 1530 1230 1580 Adam,
1260 1546 1355 1571 cum
1385 1545 1470 1586 quo
1502 1538 1544 1569 et
1571 1545 1651 1569 nos

173 1588 342 1641 1111111115,
373 1593 709 1647 conjunxerunt.
739 1595 823 1637 Ubi
850 1612 946 1636 011111
977 1596 1181 1637 dominus
1215 1607 1356 1654 papan
1391 1597 1649 1653 aliquantis—

170 1672 248 1711 per
283 1657 601 1709 demoraretur,
646 1678 695 1702 ex
735 1663 941 1704 condicto
986 1664 1107 1721 ipsio
1151 1664 1426 1721 imperatoris
1471 1663 1648 1704 Henrici

170 1723 317 1781 legati,
358 1742 444 1767 non
480 1728 684 1777 humiles,
726 1731 802 1771 sed
838 1731 966 1788 rigidi
998 1741 1040 1773 et
1073 1741 1370 1777 contumaces,
1406 1748 1501 1772 cum
1535 1731 1649 1787 apud

170 1792 377 1833 Sanctum
415 1796 668 1837 Memmium
689 1798 704 1825 3
735 1788 927 1854 hospitia
955 1799 1276 1856 suscepissent,
1313 1799 1464 1839 relicto
1504 1796 1651 1838 inibil’

168 1860 430 1902 cancellario
458 1862 640 1904 Alberto
665 1864 691 1915 ²,
723 1867 846 1921 cujus
879 1866 966 1906 oris
999 1875 1040 1907 et
1066 1867 1211 1907 cordis
1242 1866 1528 1907 unanimitate
1553 1865 1648 1922 ipse

168 1927 405 1982 imperator
440 1931 611 1987 agebat,
651 1932 784 1973 ceteri
817 1933 869 1973 ad
908 1933 1070 1974 curiam
1106 1934 1241 1974 multo
1281 1933 1470 1991 agmine,
1510 1931 1648 1973 multo

166 1994 293 2043 fastu,
323 2012 488 2037 summe
517 1998 681 2039 falerati
709 1999 995 2041 devenerunt.
1027 2001 1076 2041 111
1107 2001 1324 2058 siquidem
1353 2009 1477 2041 erant
1503 1999 1647 2041 archi-

205 2132 225 2161 ί.
253 2143 312 2161 1100
331 2133 363 2162 F.

198 2173 227 2213 j.
255 2174 343 2203 filios
358 2175 449 2205 deest
468 2176 503 2205 (j.

203 2214 231 2243 k.
260 2215 375 2244 sedere
392 2216 431 2251 F;
451 2217 538 2246 senil·
555 2217 677 2247 devant
692 2218 749 2257 luy
768 2218 1000 2259 (Cllrom'fsnes.
1022 2221 1079 2255 ΙΙΙ,
1100 2220 1184 2261 2323).

203 2255 223 2284 l.
250 2256 374 2295 Pipini,
395 2257 507 2287 Caroli
525 2260 652 2299 magni,
675 2260 835 2290 Ludoviei
853 2261 900 2300 pii
921 2262 953 2290 F.
976 2261 1024 2290 Cf.
1045 2261 1259 2301 (Vtro-liques,
1280 2261 1338 2296 ΙΙΙ,
1360 2261 1428 2289 233.

201 2307 241 2324 m.
270 2297 515 2337 disposuerunt
537 2301 571 2329 C.

200 2348 232 2367 n.
258 2338 402 2368 Veniens
419 2344 531 2369 autem
551 2342 709 2372 dominus
726 2353 818 2382 papa
836 2343 1099 2381 Cathulaunum,
1119 2355 1195 2373 eum
1214 2343 1260 2373 ibi
1279 2344 1312 2372 F.

201 2390 230 2407 0.
258 2379 323 2408 sibi
343 2381 382 2411 (12
403 2381 512 2420 ipsius
536 2383 568 2411 F.

199 2432 232 2459 p.
258 2420 305 2449 ibi
328 2421 364 2451 G.

204 2551 232 2579 ’1.
260 2551 456 2581 L'entrevuc
480 2555 574 2580 entre
592 2552 622 2581 le
644 2562 742 2592 pape,
761 2553 791 2581 10
813 2554 861 2582 roi
882 2558 913 2582 et
934 2554 963 2583 le
983 2554 1099 2593 prinee
1121 2553 1222 2583 Louis
1247 2557 1303 2582 eut
1320 2553 1387 2582 lieu
1408 2564 1451 2582 an
1471 2562 1646 2582 commen-

161 2596 294 2621 eement
311 2592 350 2621 de
367 2593 451 2627 1nai;
468 2592 527 2621 d'es
545 2593 618 2627 103,
640 2594 759 2622 Pascal
776 2594 803 2623 ll
823 2595 905 2623 etait
920 2598 938 2623 a
959 2595 1086 2635 Lagny.

203 2634 230 2661 2.
256 2632 299 2662 Le
315 2644 403 2673 pape
419 2633 479 2662 dut
493 2634 625 2663 ari-iver
639 2637 657 2662 ξι
675 2635 1044 2665 Chalcus-sur-Wlnrne
1063 2647 1139 2665 vers
1158 2636 1187 2665 le
1210 2636 1244 2664 10
1264 2635 1341 2665 mai.

201 2675 228 2702 53.
257 2674 749 2713 Saint-Menge-l'es-Chulons,
767 2677 898 2716 abbaye
917 2677 956 2706 de
974 2677 1098 2706 l‘ordre
1116 2677 1156 2706 (10
1176 2677 1474 2717 Saint-Augustin.

199 2716 229 2743 li.
254 2715 415 2745 Adalbert
433 2716 472 2744 (10
493 2716 715 2749 Sarrehruek,
736 2717 946 2757 arche-vique
962 2718 1002 2747 de
1019 2719 1187 2758 Mayenee.
