1846 3184
223 149 260 176 w,
894 141 1036 174 SUGER

225 221 582 280 perforationem,
614 228 671 269 ct,
697 228 741 260 ut
760 217 936 276 impulsi
957 229 975 247 ⁰
1003 226 1104 259 sunt
1129 234 1206 274 per
1231 225 1401 274 portam
1425 217 1467 258 in
1491 224 1697 263 castrum,

225 291 278 330 ab
302 289 418 329 intus
448 304 578 344 super
602 295 776 328 nostros
805 287 858 327 de
886 284 1230 344 propugnaculis
1262 293 1304 325 et
1332 284 1493 342 glande
1522 282 1699 324 mirabi-

225 357 308 398 lem
338 365 381 397 et
409 371 520 412 pene
550 354 873 395 intolerabilem
899 354 1028 394 etiam
1050 351 1354 394 audacissimis
1382 351 1495 393 deici
1522 350 1702 410 grandi-

227 442 323 465 nem
335 435 374 475 Ρ,
394 422 583 464 trabium
606 421 883 479 depositione
907 429 949 462 et
965 419 1137 461 sudium
1161 418 1432 460 immissione
1453 418 1648 475 incipere
1664 429 1701 467 q,

225 509 311 535 non
352 491 562 549 perficere
600 490 895 546 repulsionem
915 500 945 529 r,
1004 488 1188 545 Regales
1230 495 1424 536 econtra,
1467 485 1704 527 fortissimo

226 559 357 601 animi
388 567 431 600 et
458 558 656 615 corporis
682 558 840 598 robore
872 555 1083 598 acerrime
1119 554 1404 604 dimicantes,
1436 553 1571 595 scutis
1600 569 1704 594 con-

226 627 390 677 fractis,
424 626 606 668 ascellas
628 625 655 676 ¹,
687 625 798 666 ostia
826 633 867 666 et
898 639 1070 682 queque
1103 622 1247 681 lignea
1278 622 1358 663 sibi
1389 629 1702 679 preponentes,

226 703 351 753 porte
374 693 608 744 insistunt,
633 709 780 734 carros
805 693 952 743 etiam,
977 707 1085 748 quos
1111 690 1244 731 multa
1261 688 1468 747 congerie
1489 688 1705 730 siccorum

226 762 461 821 lignorum,
496 759 638 817 adipis
666 769 708 801 et
737 758 982 817 sagiminis,
1006 759 1092 799 cito
1123 757 1314 799 fomento
1340 755 1523 797 flammis
1549 771 1705 796 accen-

227 829 412 872 dendis³
430 863 438 879 ,
469 827 643 869 onerari
670 827 911 869 feceramus
936 830 963 877 l,
992 833 1116 866 erant
1138 824 1253 866 enim
1277 821 1640 865 excommunicati
1667 831 1710 864 et

227 896 407 939 omnino
432 894 659 945 diabolici,
687 903 813 952 porte
839 893 882 935 in
917 909 1047 934 manu
1071 891 1168 933 forti
1193 899 1440 950 opponunt,
1468 898 1515 932 ut
1536 898 1579 931 ct
1603 889 1709 947 ipsis

227 966 362 1007 carris
391 964 643 1005 incendium
671 961 1008 1020 inextinguibile
1036 960 1277 1018 propinent
1301 968 1343 1001 et
1371 959 1539 1016 seipsos
1570 974 1709 1015 oppo-

229 1033 311 1075 sito
339 1032 560 1090 lignorum
590 1047 748 1089 aggere
779 1038 998 1072 tueantur.
1028 1031 1225 1086 Cumque
1252 1028 1322 1069 alii
1351 1027 1609 1078 accendere,
1638 1026 1709 1067 alii

229 1101 485 1158 extinguere
501 1099 749 1157 periculose
766 1106 1040 1148 concertant,
1058 1114 1203 1139 comes
1217 1096 1496 1138 Theobaldus
1513 1095 1705 1145 aliunde,

229 1185 277 1209 ea
308 1167 478 1209 seilicet
513 1175 637 1224 parte
669 1182 753 1224 qua
781 1165 962 1223 respicit
992 1167 1247 1217 Carnotuni,
1277 1180 1435 1221 magno
1462 1171 1503 1204 et
1531 1162 1708 1203 militari

229 1245 272 1278 et
320 1235 516 1293 pedestri
562 1233 756 1276 exercitu
800 1241 991 1275 castrum
1032 1231 1249 1282 assiliens,
1291 1230 1496 1272 invadere
1545 1245 1711 1271 memor

228 1302 484 1360 injuriarum
506 1301 699 1352 festinat,
726 1310 768 1343 et
793 1301 895 1342 dum
922 1318 1023 1342 suos
1052 1299 1187 1341 arduo
1209 1298 1337 1339 valli2
1361 1296 1530 1339 declivo
1556 1313 1709 1338 ascen-

228 1372 332 1413 dere
367 1370 583 1422 eoneitat,
621 1370 791 1412 ciciusu
827 1368 1126 1418 descendere,
1165 1367 1296 1407 immo
1334 1381 1537 1407 corruere
1571 1364 1705 1417 dolet,

229 1455 338 1497 quos
359 1450 374 1466 ν
404 1447 528 1480 caute
566 1437 689 1495 quasi
724 1453 888 1495 pronos
918 1452 1094 1493 serpere
1127 1450 1296 1475 sursum
1335 1432 1466 1490 cogit,
1505 1433 1709 1473 deorsum

230 1505 411 1563 supinos
437 1506 609 1546 incaute
633 1502 887 1561 precipitari
912 1501 1094 1560 respicit
1119 1509 1162 1543 et
1183 1509 1344 1551 utrum,
1372 1498 1708 1557 insequentibus

229 1573 375 1626 molis,
421 1572 624 1630 spiritum
662 1571 835 1613 exalent
879 1586 1149 1629 cognoscere
1198 1567 1356 1626 satagit
1373 1579 1415 1608 W.
1463 1568 1547 1621 Qui
1593 1567 1708 1609 enim

230 1641 390 1683 milites
417 1639 707 1682 velocissimis
740 1638 863 1696 equis
906 1637 1036 1679 castri
1070 1636 1412 1679 defensionemoe
1446 1634 1707 1677 circuibant.

231 1708 489 1751 manualiter
513 1707 663 1767 glandi
687 1706 944 1757 innitentes,
976 1704 1202 1763 inopinate
1228 1705 1329 1746 dum
1359 1702 1708 1761 supervenirent,

230 1777 462 1827 cedebant,
501 1776 825 1818 detruncabant
843 1775 875 1825 3,
915 1782 958 1815 et
991 1774 1043 1815 ab
1086 1773 1173 1814 alto
1211 1771 1361 1814 fossati
1396 1771 1481 1812 imo
1520 1770 1712 1829 graviter

271 1970 301 1988 ο.
327 1957 468 1998 impulsi
488 1956 677 1987 adversarii
695 1960 773 1985 sunt
791 1955 824 1984 F.

265 2012 301 2041 p.
328 1999 530 2069 grarbdliigesm
545 1998 762 2038 sagittarum,
784 1995 1029 2036 quarellorum,
1047 1993 1262 2035 paxellorum
1285 1996 1318 2022 ct
1338 1992 1370 2021 F.

271 2052 303 2111 Z:
323 2044 412 2111 {ige
422 2051 571 2110 (timiiem
596 2080 653 2120 qui
674 2078 879 2109 obsidebant
897 2077 1027 2118 repulsi
1047 2080 1136 2107 sunt.
1157 2075 1221 2106 Sed
1240 2085 1307 2105 non
1325 2074 1382 2104 diu
1402 2078 1577 2114 protracta
1604 2083 1710 2107 mora,

231 2122 524 2194 Νξᾶξοεςξεὶθῃάἰε
543 2163 567 2192 Ε
582 2173 588 2199 ;
608 2161 842 2192 accendendos
858 2161 893 2190 F.

270 2211 294 2237 ι.
320 2206 738 2254 secematoppugnantae,
759 2202 846 2232 etad
865 2201 1108 2232 detrimentum
1123 2200 1345 2231 obsessorum
1364 2198 1595 2239 malignorum
1615 2197 1647 2227 F.

273 2258 304 2317 tf:
326 2246 509 2328 33¹1?an
529 2287 562 2315 F.

273 2341 313 2359 w.
339 2329 418 2369 quia
432 2328 520 2357 unde
539 2331 671 2357 tantum
689 2327 853 2356 damnum
871 2325 1079 2366 procedebat
1097 2324 1290 2364 ignorabat,
1307 2323 1434 2352 milites
1452 2332 1530 2352 vero
1547 2321 1602 2362 qui
1621 2321 1654 2350 F.

271 2381 304 2400 ar.
330 2374 362 2400 et
380 2370 575 2399 defensores
592 2368 689 2397 addit
707 2369 741 2397 F.

232 2443 1697 2458 ————.-—.—..—-——-———-——

274 2507 300 2537 l.
323 2506 372 2536 En
392 2505 539 2544 franc-ais
554 2503 693 2540 essaule,
714 2503 871 2544 planehe‚
892 2503 1012 2533 douve.

273 2549 301 2577 2.
328 2548 371 2577 Le
391 2548 480 2576 fosse
496 2550 528 2576 ct
546 2557 583 2575 sa
600 2549 852 2585 contrcsearpc.

272 2590 301 2618 3.
327 2589 393 2618 Par
403 2587 514 2628 glans,
536 2589 644 2627 Suger
662 2586 785 2616 entend
804 2586 858 2621 ici,
879 2586 911 2615 la
931 2586 1017 2615 suite
1034 2585 1065 2614 le
1086 2594 1227 2625 prouve,
1248 2593 1311 2612 une
1337 2582 1458 2622 simple
1476 2580 1651 2621 palissade
1669 2590 1674 2614 ;
1695 2583 1715 2608 a

230 2629 418 2660 l'interieur
440 2628 641 2659 circulaient
660 2627 708 2657 les
732 2627 900 2657 cavaliers
918 2625 1070 2656 ennemis
1095 2625 1163 2666 qui,
1188 2635 1222 2654 se
1238 2623 1410 2665 penchant
1428 2633 1491 2663 par
1508 2623 1641 2657 dessus,
1664 2621 1713 2650 les

232 2671 362 2701 soldats
386 2670 425 2700 de
445 2669 603 2700 Thibaud
624 2672 643 2699 a
667 2668 764 2709 peine
782 2668 912 2698 arrives
934 2679 976 2698 au
1003 2667 1086 2697 haut
1104 2667 1149 2697 du
1175 2667 1274 2701 fosse,
1297 2665 1345 2695 les
1374 2664 1569 2704 srappaient
1583 2666 1602 2693 a
1622 2662 1712 2692 l'im-

233 2712 396 2753 proviste.
