1846 3184
231 162 268 191 72
896 159 1037 191 SUGER

232 237 346 295 regis
375 236 664 294 permissione
692 237 869 293 patebat
895 237 1049 287 forum,
1079 236 1266 278 mirabili
1302 238 1451 279 fraude
1484 240 1554 281 hie
1580 256 1705 282 seeu-

232 304 419 354 ritatem,
438 320 629 360 precone
651 303 932 351 vociferante,
950 304 1235 359 jurejurando
1258 305 1519 361 spondebat,
1542 307 1703 348 ibidem

231 388 340 428 quos
362 371 544 412 ditiores
568 370 795 412 addiscere
812 379 984 428 poterat
999 370 1226 428 inopinato
1245 372 1407 413 carceri
1425 374 1703 423 detrudebat,

231 448 274 479 et
310 447 356 479 ut
385 439 509 479 belua
544 438 751 479 frendens
785 447 828 479 et
859 437 1070 495 quicquid
1103 441 1361 480 occurrebat
1377 451 1396 469 (ί
1431 441 1704 498 discerpens,

231 506 489 548 'sauriacum
534 506 679 547 villam
733 506 849 547 beati
899 505 1099 562 Dyonisii
1150 507 1359 548 munitam
1406 525 1502 549 eum
1549 511 1707 550 comite

231 575 487 616 Theobaldo
525 575 777 615 subvertere
815 573 1009 614 funditus
1045 574 1220 614 festinat
1240 574 1272 615 b.
1316 575 1398 628 Qui
1428 576 1598 632 pridicc·
1629 593 1707 617 nos

231 642 520 693 conveniens,
548 641 637 683 doli
663 650 705 682 et
730 641 926 698 nequitie
950 656 1129 698 gnalwis,
1162 642 1294 683 multa
1320 660 1450 699 prece
1477 652 1522 684 ut
1550 660 1629 700 pro
1658 662 1707 685 eo

231 710 281 750 ad
331 710 555 751 dominum
606 726 751 767 regem
799 708 1074 749 intercedere
1116 709 1267 749 cadem
1308 710 1379 751 die
1423 712 1708 752 transiremus

229 777 496 834 optinuerat,
524 777 723 819 absentia
758 776 896 817 nostri
927 776 1069 816 villam
1103 777 1269 833 absque
1304 777 1560 819 difficultate
1593 779 1708 819 arbi-

229 854 367 886 tratus
390 845 579 904 ingredi,
606 854 677 886 aut
702 845 734 886 si
762 846 799 885 ei
820 844 1041 885 resistitur
1062 844 1241 885 omnino
1263 846 1425 886 delere.
1451 849 1611 889 Verum
1634 847 1707 904 qui

230 913 273 954 in
302 922 425 970 parte
460 914 539 954 Dei
568 922 611 954 ct
645 912 759 954 beati
795 911 998 968 Dyonisii
1030 911 1318 954 munitionem
1356 915 1580 955 intrabant
1594 914 1632 966 fl,
1669 923 1711 956 et

230 980 308 1022 Dei
352 980 512 1022 auxilio
552 989 595 1022 et
639 980 723 1021 loci
763 979 958 1037 presidio
993 979 1174 1020 munitis
1210 982 1579 1039 propugnaculis,
1622 991 1709 1024 tam

229 1049 414 1090 viriliter
444 1065 573 1106 quam
610 1047 899 1089 audacissime
943 1047 1210 1089 resistebant
1227 1059 1258 1088 (Ἀ
1296 1051 1384 1091 Nos
1425 1058 1567 1091 autem
1605 1051 1712 1092 eitra

231 1116 487 1158 Curboilum
510 1116 795 1167 svenientes,
834 1132 931 1156 eum
963 1115 1141 1156 domino
1169 1116 1277 1174 regi,
1309 1116 1381 1174 qui
1403 1118 1490 1173 jam
1515 1118 1575 1159 rei
1599 1118 1713 1159 veri-

229 1193 363 1226 tatem
409 1201 431 1225 a
478 1184 746 1226 Normaunia
799 1191 1054 1240 acceperat,
1100 1199 1454 1234 occurreremus,
1502 1185 1713 1226 citissime

230 1251 440 1309 inquisita
492 1252 704 1292 adventus
751 1250 889 1292 nostri
940 1266 1090 1300 eausa,
1147 1251 1473 1308 simplieitatem
1520 1262 1712 1294 nostram

230 1319 386 1361 derisit
420 1327 462 1360 et
492 1335 587 1360 cum
624 1319 758 1360 multa
797 1317 1112 1375 indignacione
1151 1319 1348 1375 Hugonis
1377 1320 1572 1361 fraudem
1610 1337 1713 1378 ape-

231 1387 364 1437 riens,
405 1387 458 1428 ad
492 1387 820 1444 suffragandum
854 1386 956 1426 ville
991 1385 1268 1427 velocissime
1304 1386 1485 1427 remisit.
1525 1389 1578 1428 Et
1610 1388 1711 1429 dum

230 1455 323 1512 ipse
350 1455 600 1512 Stampensi
636 1455 702 1495 via
743 1455 982 1495 exereitum
1015 1454 1250 1511 colligens,
1289 1471 1369 1495 nos
1409 1455 1626 1496 rcetiorig
1669 1464 1713 1497 et

228 1520 417 1561 breviori
459 1519 718 1561 Tauriacum
755 1518 1151 1577 dirigi1nur1,hoc
1192 1534 1324 1559 unum
1369 1520 1504 1560 multo
1545 1529 1587 1560 et
1625 1521 1709 1561 fre-

230 1589 380 1644 quenti
410 1586 571 1628 intuitu
600 1603 622 1627 a
650 1587 780 1644 longe
809 1594 1082 1627 assumentes
1111 1586 1298 1627 necdum
1325 1595 1537 1644 occupate
1572 1586 1714 1627 muni-

230 1655 370 1697 cionis
388 1663 710 1713 argumentum,
736 1654 854 1711 quod
877 1655 1061 1711 tristega
1082 1655 1215 1694 turris
1233 1653 1277 1694 in
1298 1654 1450 1695 eadem
1470 1653 1714 1695 munitione

229 1723 359 1781 longa
398 1722 580 1781 planitie
615 1721 948 1779 supereminens
987 1723 1242 1778 apparebat,
1281 1738 1365 1778 que
1407 1730 1531 1779 capta
1572 1723 1713 1763 muni-

230 1791 349 1833 tione
391 1791 510 1832 illico
544 1790 645 1848 igne
684 1790 810 1830 hoste
852 1790 1108 1830 solveretur.
1158 1791 1210 1830 Et
1249 1789 1348 1846 quia
1389 1790 1539 1830 hostes
1578 1797 1712 1830 totam

228 1858 432 1900 viciniam
456 1858 684 1916 rapiendo,
710 1857 981 1898 devastando
1004 1857 1296 1913 occupabant,
1322 1856 1541 1897 neminem
1564 1873 1712 1898 oecur-

232 1926 419 1968 rentium
443 1925 571 1967 donis
601 1924 729 1966 etiam
757 1932 827 1965 aut
850 1923 1079 1981 promissis
1106 1922 1334 1964 nobiscum
1362 1924 1522 1964 ducere
1546 1932 1713 1980 potera-

274 2049 305 2067 a.
331 2040 549 2066 occurrentes
568 2036 604 2066 D.

274 2079 303 2108 h.
332 2077 507 2108 festinavit
524 2078 559 2106 F.

271 2132 299 2150 c.
325 2120 448 2149 Custos
466 2119 568 2148 castri
593 2121 666 2147 crat
684 2117 868 2157 religiosus
889 2117 1166 2156 venerabilisque
1195 2116 1396 2156 suggerius,
1420 2116 1462 2145 ad
1481 2127 1581 2156 quem
1605 2116 1716 2156 pridie

229 2162 346 2192 dolose
364 2161 515 2197 veniens,
539 2160 684 2189 multum
708 2160 824 2199 ipsum
846 2162 1056 2193 exoraverat,
1083 2162 1118 2187 ut
1144 2157 1186 2186 ad
1214 2168 1329 2197 regem
1354 2158 1523 2187 transiens
1548 2168 1610 2197 pro
1639 2158 1714 2197 ipso

229 2202 465 2237 intercederet,
486 2201 650 2231 estimans
667 2211 705 2230 eo
723 2201 864 2229 absente
888 2199 1007 2229 villam
1028 2204 1059 2228 ct
1081 2203 1231 2228 castrum
1248 2209 1349 2238 posse
1367 2199 1496 2239 absque
1516 2199 1714 2228 difficultate

230 2244 375 2284 ingredi.
391 2244 516 2273 Verum
535 2242 576 2271 ad
594 2246 746 2272 castrum
761 2241 952 2282 applicans,
977 2241 1032 2281 qui
1054 2241 1086 2269 in
1105 2244 1203 2280 parte
1220 2240 1252 2268 F.

271 2286 304 2315 d.
330 2285 545 2314 intraverunt
563 2284 598 2314 F.

272 2338 299 2356 e.
326 2326 526 2355 restiterunt
542 2325 574 2354 F.

270 2370 294 2408 f.
322 2367 519 2396 Corboilum
539 2366 582 2401 D;
604 2365 802 2394 Corbolium
826 2364 860 2399 E,
881 2365 919 2395 G.

267 2421 300 2449 g.
326 2419 388 2449 per
406 2408 585 2437 rectiorem
601 2411 634 2436 et
651 2406 843 2435 breviorem
864 2406 954 2435 viam
975 2405 1177 2445 religiosum
1197 2409 1228 2433 et
1254 2414 1338 2443 quos
1364 2404 1583 2433 ordinaverat
1602 2404 1713 2444 preire

232 2450 335 2480 misit.
358 2450 445 2479 Dum
468 2453 582 2478 autem
608 2459 626 2477 a
651 2448 751 2487 longe
776 2447 999 2476 munitionem
1024 2446 1218 2485 aspicerent
1241 2450 1272 2474 et
1295 2445 1492 2474 dubitarent
1510 2449 1626 2474 utrum
1642 2445 1714 2484 jam

230 2496 331 2531 capta
348 2495 438 2520 esset
456 2490 509 2519 vcl
527 2501 604 2524 non,
625 2493 866 2528 argumentum
886 2492 999 2517 tamen
1016 2487 1214 2517 munitionis
1235 2497 1299 2515 non
1324 2491 1486 2526 occupate
1508 2486 1712 2520 habuerunt,

230 2533 319 2574 quod
338 2533 482 2571 tristega
497 2531 549 2561 vel
565 2534 803 2560 concamerata
821 2530 926 2558 turris
943 2529 973 2558 in
993 2529 1027 2558 F.

269 2687 295 2715 1.
323 2685 547 2717 C'est-{x-dirc
567 2685 666 2727 qu'au
686 2684 750 2714 lieu
769 2683 889 2713 d’aller
908 2694 1039 2723 gagnei·
1057 2674 1218 2722 Etampes
1239 2693 1280 2711 au
1305 2682 1499 2712 sud-ouest.
1521 2683 1629 2721 Suger
1645 2682 1713 2722 prit

231 2740 270 2758 nu
291 2728 385 2761 nord.

1835 2761 1846 2972 hdr-mm*
1839 2741 1846 2750 ⁴.
