1846 3184
281 134 338 163 ‘162
932 132 1137 163 HISTOIRE

279 210 688 261 Castrumnovum1,
714 209 1034 260 Bauden1ont2,
1057 208 1233 250 Braium
1251 210 1282 261 3,
1309 210 1575 252 Tornucium
1594 211 1625 263 4,
1650 213 1755 254 Bus-

281 278 419 319 chalia
437 278 464 330 5,
504 278 754 335 Nogentum
789 293 920 334 super
947 276 1160 318 Andelam
1178 277 1205 318 Γ).
1240 279 1331 319 Hoc
1369 278 1498 319 modo
1533 295 1619 336 quc
1654 296 1755 336 pre-

279 345 444 387 dictum
480 353 545 386 cst
574 344 810 402 adquisivit
833 352 876 385 ct
909 343 1103 385 restituit
1130 345 1299 401 perfido
1330 347 1519 387 Henrico
1545 348 1755 388 Norman-

279 413 394 454 niam
425 430 500 454 rex
527 412 787 466 Ludovicus,
816 428 903 453 non
929 411 1164 470 previdens
1193 413 1421 470 perfidiam
1448 431 1575 472 quam
1604 422 1756 472 postea

278 481 350 522 ille
399 489 549 522 contra
595 480 738 538 ipsum
784 481 1057 522 machinatus
1100 488 1178 521 est.
1232 482 1339 523 Nam
1387 490 1488 538 post
1538 481 1758 523 modicum

278 556 451 605 tempus
474 548 659 607 contigit
680 548 798 606 quod
822 547 989 606 vulgari
1013 547 1245 605 proverbio
1271 549 1448 601 dicitur,
1471 554 1574 607 quia
1596 559 1758 608 quanm

279 620 417 674 magis
442 617 667 658 exaltatur
695 619 883 674 iniquus,
914 625 1032 656 {anto
1061 616 1247 673 (amplius
1275 617 1482 657 adversus
1515 618 1757 675 benefacto-

279 700 367 724 rem
400 700 524 725 suum
560 701 604 725 se
636 684 815 726 east-tollit.
856 683 1085 741 Siquidem
1115 683 1346 736 Henricus,
1374 684 1641 726 Normannie
1680 700 1760 741 per

278 768 453 793 manum
482 752 597 810 regis
626 752 713 793 dux
750 752 949 803 effectus,
988 751 1102 792 ultra
1138 752 1315 793 modum
1350 753 1628 809 superbiens,
1659 760 1758 792 ante

278 820 503 861 dominum
524 835 648 861 suum
675 835 821 877 regem
848 818 1114 860 Ludovieum
1144 818 1305 860 defecit
1330 835 1351 860 a
1373 819 1566 875 justicia.
1597 822 1759 873 Quam-

279 889 430 929 obrem
469 904 544 930 rex
585 888 638 929 ad
673 888 780 929 iram
816 887 1022 928 nimirum
1055 886 1323 939 concitatus,
1359 896 1523 929 tantam
1560 887 1759 946 indigna-

276 955 443 997 tionem
476 955 690 1014 graviters
717 956 934 1006 ustinens,
964 971 1061 996 cum
1094 971 1251 1014 magno
1277 955 1471 997 exercitu
1507 957 1758 999 Vernonum

277 1025 501 1082 profectus
533 1024 641 1077 est7,
678 1023 918 1081 paucisque
954 1023 1110 1065 diebus
1147 1023 1189 1064 in
1226 1023 1458 1065 obsidione
1489 1024 1755 1076 demoratus,

277 1091 449 1149 potenti
473 1091 632 1133 virtute
668 1100 857 1133 castrum
886 1091 994 1132 illud
1023 1092 1155 1148 cepit.
1187 1091 1317 1133 Aliud
1348 1108 1522 1149 quoque
1551 1100 1757 1142 castrum,

278 1159 448 1201 scilicet
484 1159 960 1202 Novummarcheium8
1000 1158 1202 1200 similiter
1236 1159 1445 1216 capiensl
1484 1159 1521 1201 ei
1561 1159 1755 1201 abstulit.

278 1230 415 1269 Porro
443 1227 596 1269 videns
639 1235 839 1269 versutus
880 1227 953 1268 ille
985 1226 1223 1279 Henricus,
1266 1228 1353 1268 dux
1382 1229 1758 1277 Normannorum,

279 1296 396 1353 quod
412 1295 721 1353 potentissimo
740 1295 831 1354 regi
855 1296 1075 1337 Ludovico
1095 1296 1344 1336 nullatenus
1365 1296 1569 1337 resistere
1592 1304 1758 1353 posset,

280 1364 333 1404 ad
377 1363 711 1404 similitudinem
744 1363 896 1405 dolose
929 1363 1071 1420 vulpis
1112 1363 1330 1405 convertit
1371 1380 1416 1404 se
1457 1364 1509 1405 ad
1546 1362 1761 1422 refugium

281 1431 408 1473 solite
456 1431 635 1472 fraudis.
675 1431 904 1488 Siquidem
944 1431 1114 1489 fingens
1149 1448 1194 1472 se
1240 1431 1515 1473 humiliatum
1558 1448 1668 1485 esse,
1716 1441 1760 1473 ut

282 1500 594 1557 quoquomodo
611 1500 768 1540 amissa
790 1508 1087 1557 recuperaret,
1106 1500 1213 1540 falso
1236 1501 1459 1541 asserebat
1475 1500 1592 1558 quod
1611 1507 1761 1541 contra

281 1567 508 1609 dominum
546 1584 670 1609 suum
708 1584 855 1626 regem
891 1567 1096 1625 superbie
1135 1568 1385 1610 calcaneum
1428 1568 1638 1626 deinceps
1676 1584 1761 1609 non

282 1636 484 1677 elevaret.
516 1637 648 1692 Cujus
675 1635 794 1676 falsis
816 1635 1141 1677 assercionibus
1168 1652 1242 1677 rex
1263 1635 1508 1678 Ludovicus
1533 1636 1761 1694 deceptus,

283 1704 395 1746 sicut
417 1720 590 1762 semper
615 1703 961 1745 hemo-missimus
985 1704 1143 1756 extitit,
1166 1705 1296 1745 etiam
1321 1713 1424 1746 tunc
1447 1705 1764 1763 benignitatem

722 1738 746 1762 e>

283 1789 402 1813 suam
435 1772 472 1813 ei
501 1771 716 1824 exhibuit,
746 1788 844 1813 nam
874 1773 960 1814 duo
995 1772 1193 1831 predicta
1218 1773 1394 1814 castella
1419 1790 1503 1830 que
1527 1772 1590 1814 illi
1616 1774 1765 1814 abstu-

282 1849 410 1891 terat,
436 1840 577 1881 eidem
601 1839 793 1881 restituit
803 1839 832 1879 9.

324 1951 343 1979 l.
372 1955 511 1991 captum
529 1952 565 1980 A.

328 2089 353 2118 1.
380 2089 725 2129 ῌὴιὶῐρᾶιι-5ῑ11·-ΕΙ)16,
742 2093 831 2119 cant.
849 2089 944 2119 Eoos.

326 2132 354 2159 2.
381 2130 605 2165 Baudemont,
627 2135 714 2160 cant.
732 2131 829 2160 Ecos.

327 2173 353 2201 3.
380 2172 451 2201 Non
471 2174 640 2201 retrouve.

327 2215 355 2242 (4.
382 2213 531 2253 Tourny,
548 2217 637 2243 cant.
658 2213 754 2242 Eoos.

325 2257 352 2283 5.
377 2255 644 2284 Probablcment
657 2255 690 2284 la
709 2254 872 2290 Bumille,
889 2259 976 2284 cant.
997 2254 1046 2283 les
1063 2254 1224 2294 AndelyS,
1242 2264 1365 2285 comm.
1387 2255 1590 2286 Guisiniers.

326 2298 354 2325 6.
381 2296 453 2325 Non
479 2299 649 2326 retrouve.

326 2339 354 2366 7.
381 2337 427 2366 La
452 2337 545 2377 prise
569 2338 608 2366 de
632 2337 765 2367 Vernon
787 2341 838 2367 est
856 2337 952 2367 danie
970 2348 1034 2378 par
1058 2337 1171 2378 Roger
1195 2337 1235 2368 de
1254 2338 1413 2369 Hoveden
1436 2339 1474 2376 (I,
1494 2339 1552 2368 272
1570 2343 1602 2369 et
1625 2340 1697 2381 277)
1724 2340 1764 2371 de

282 2378 396 2417 juillet
413 2379 502 2408 1153.
520 2379 620 2408 Louis
633 2379 690 2407 Vll
708 2379 937 2408 soulenaitlcs
953 2379 1164 2419 pretentions
1183 2379 1398 2418 d'Eustache,
1412 2380 1467 2410 fils
1483 2380 1528 2410 du
1545 2381 1595 2411 roi
1610 2381 1764 2417 Etienne,

286 2430 345 2449 sur
359 2420 391 2448 la
407 2420 625 2449 Normandie.
647 2420 764 2460 <Henri
782 2420 822 2449 (16
841 2419 1075 2460 Huntingdon,
1095 2432 1129 2460 p.
1149 2422 1234 2462 283.)

326 2462 354 2490 8.
380 2461 426 2490 La
444 2461 536 2501 prise
559 2461 598 2491 (16
621 2462 847 2491 Neufmarche
865 2462 1197 2501 (Scine—Inferieure,
1216 2467 1304 2493 cant.
1326 2463 1500 2504 Gournay)
1517 2467 1568 2493 est
1584 2467 1766 2505 rapportee

285 2506 303 2531 a
322 2502 399 2531 1152
417 2513 481 2542 par
495 2503 622 2532 Rohert
636 2503 676 2532 de
693 2503 845 2543 Torigni‚
867 2504 890 2539 Iy
909 2504 978 2540 ⁶261,
998 2507 1031 2532 et
1047 2513 1110 2543 par
1126 2504 1229 2533 Henri
1245 2504 1285 2534 de
1304 2505 1538 2545 Huntingdon,
1558 2505 1627 2535 283.

286 2585 310 2614 T
325 2545 353 2572 9.
381 2543 474 2573 Cettc
486 2544 655 2584 premiere
670 2544 749 2584 paix
764 2549 858 2573 entre
873 2545 921 2574 les
937 2545 1006 2574 rois
1026 2544 1126 2575 Louis
1144 2550 1177 2575 et
1194 2545 1297 2575 Hem-i
1315 2546 1391 2576 date
1407 2547 1448 2576 de
1467 2547 1553 2576 1154.
1573 2547 1713 2587 (Robert
1727 2547 1766 2577 de

315 2584 449 2625 origny.
470 2586 495 2621 I,
514 2586 600 2625 285.)
