1846 3184
220 164 258 192 52
891 161 1031 192 SUUEP.

218 255 391 295 guerra,
426 255 504 296 per
537 238 794 279 bicnnium¹
833 255 946 295 pene
983 239 1299 290 continuatam,
1342 240 1516 298 gravius
1551 258 1695 297 regem

218 306 374 363 Aug-lic
400 306 590 357 ledebat,
616 322 712 348 cum
739 306 984 346 universam
1007 323 1119 363 pene
1144 307 1411 349 Norinannie
1435 308 1692 359 marchiam,

219 373 331 414 sicut
358 390 403 414 se
431 374 613 415 ducatus
642 373 855 423 extendit,
894 373 1026 414 multa
1061 373 1213 415 militia
1245 383 1288 415 ct
1319 375 1587 432 sumptuosis
1619 376 1696 417 sti-

218 440 392 496 pendiis
428 441 481 482 ad
522 449 636 482 terre
675 440 977 483 defensionem
1025 441 1413 499 circumcingebat.
1461 444 1552 485 Rex
1595 460 1696 484 vcro

216 510 482 549 Francorum
522 508 713 566 antiquis
752 516 794 549 et
836 507 1108 549 naturalibus
1150 509 1304 550 castris
1344 518 1386 550 et
1429 509 1694 567 municipiis,

216 574 403 631 gratuita
448 575 813 627 Flandrensium,
864 575 1174 627 Pontivorum,
1225 577 1605 619 vilcassinorqu
1655 586 1697 619 et

216 641 398 683 aliorum
422 642 783 685 collimitancium
806 652 982 684 strenua
1004 642 1352 701 impugnatione,
1371 652 1530 685 terram
1553 645 1694 685 incen-

215 709 319 761 diis,
362 711 706 768 depopulatione
744 712 907 769 agitare
950 727 1036 752 non
1075 710 1357 752 desinebatn.
1406 713 1513 753 Cum
1552 720 1694 753 autem

216 777 484 829 Guilelmus,
531 779 646 837 regis
688 778 847 836 anglici
884 779 1015 829 filius,
1060 779 1151 836 regi
1192 778 1410 819 Ludovico
1451 778 1694 820 hominium

216 861 340 886 suum
376 845 612 899 secisset0‚
652 845 793 904 gratia
822 845 1034 903 peculiari
1070 854 1112 886 et
1144 845 1305 903 peculii
1344 846 1514 903 prefato
1552 855 1694 887 castro

217 914 389 955 feodum
401 924 426 953 Ι)
449 915 541 970 ejus
565 914 861 972 augmentavit
882 914 912 964 3,
938 922 980 955 et
1001 914 1082 954 hac
1108 929 1202 954 eum
1228 914 1460 955 occasione
1484 913 1526 954 in
1549 913 1693 970 pristi-

214 997 311 1022 nam
355 981 540 1040 gratiam
580 982 767 1025 reduxit.
814 982 942 1035 Quod
982 989 1215 1038 antequam
1259 982 1398 1032 fieret,
1446 982 1694 1024 mirabilis'l

212 1050 408 1104 ejusdem
421 1061 437 1078 Γ
477 1049 782 1091 contencionis
813 1048 1072 1090 occasiones
1101 1057 1143 1090 et
1176 1049 1435 1091 execrabilis
1464 1049 1689 1091 hominum

210 1116 409 1174 perdicio
431 1117 621 1158 mirabili
644 1117 797 1174 punita
821 1125 888 1158 est
906 1117 1089 1160 ultione.

270 1229 415 1280 [XVI.]
440 1227 757 1285 Supersistitur
778 1227 1083 1285 promuntorio
1113 1227 1235 1268 ardui
1263 1227 1423 1269 littoris
1453 1227 1597 1286 magni
1617 1227 1691 1269 flu-

210 1294 339 1336 minis
366 1296 569 1352 Sequane
599 1294 827 1336 horridum
857 1304 901 1336 et
926 1293 1124 1336 innobile
1149 1302 1356 1346 castrum,
1387 1295 1503 1352 quod
1532 1295 1693 1337 dicitur

249 1419 290 1436 m.
316 1406 516 1436 continuata
537 1410 598 1439 est,
623 1417 758 1446 semper
773 1406 856 1435 duce
872 1410 904 1435 et
921 1406 1100 1446 capitaneo
1117 1407 1192 1446 ipso
1208 1405 1345 1435 domino
1361 1405 1541 1436 Ludovico.
1563 1406 1694 1437 Accidit

207 1453 332 1484 autem,
353 1452 390 1477 ut
404 1458 481 1477 cum
499 1447 648 1487 quadam
664 1447 717 1476 die
735 1447 953 1477 adversarios
971 1447 1166 1487 invasisset,
1189 1448 1306 1487 fugato
1325 1447 1396 1487 ejus
1412 1448 1571 1483 exercitu,
1592 1448 1690 1477 miles

230 1489 346 1519 uidam
362 1489 472 1529 partis
489 1489 631 1518 adverse
651 1490 783 1518 frenum
798 1489 874 1528 equi
893 1488 978 1528 regii
995 1488 1176 1528 arripiens,
1194 1489 1357 1518 clamavit
1377 1499 1382 1518 :
1406 1491 1530 1528 Captus
1547 1492 1595 1517 est
1619 1500 1685 1518 rear.

206 1501 279 1566 3110
296 1530 424 1565 audito,
444 1540 502 1559 rex
519 1534 709 1559 commotus
727 1530 787 1567 ira,
809 1531 954 1559 extraxit
971 1529 1125 1569 gladium
1141 1534 1173 1559 et
1186 1529 1337 1559 virtuose
1355 1530 1528 1559 vibratum
1547 1530 1690 1560 militem

206 1583 266 1611 per
285 1576 404 1611 pectus
430 1575 602 1601 armatum
628 1571 803 1606 dissecuit,
829 1575 861 1600 ct
880 1575 1012 1600 mortuo
1032 1571 1165 1600 cadenti
1188 1581 1248 1600 suo
1264 1571 1336 1600 solo
1356 1571 1425 1600 ictu
1444 1582 1502 1600 rex
1519 1571 1689 1601 insultans

205 1613 254 1642 ait
275 1623 280 1642 ;
300 1615 367 1642 Nec
390 1612 422 1642 in
446 1623 618 1642 scacorum
637 1611 715 1640 ludo
732 1611 822 1641 solus
840 1623 899 1642 rea·
920 1623 985 1641 non
1015 1611 1157 1652 capitur.
1189 1612 1325 1641 prosata
1348 1616 1462 1642 tamen
1489 1623 1614 1657 guerra
1641 1613 1687 1641 sic

205 1654 403 1684 continuata
422 1654 603 1694 gravius...
634 1654 668 1682 F.
694 1656 784 1683 selle
811 1653 966 1684 addition
987 1664 1027 1683 ne
1050 1656 1193 1688 sauram,
1222 1652 1250 1682 le
1275 1652 1360 1693 style
1387 1664 1425 1683 en
1448 1654 1514 1693 salt
1535 1653 1596 1692 soi,
1623 1656 1688 1683 e‘Cre

205 1695 370 1725 attribue&
386 1697 405 1724 (ὶ
421 1698 535 1736 Suger.

245 1747 277 1766 n.
303 1736 481 1772 Heni-icus,
498 1747 556 1765 rex
575 1736 706 1776 Anglie,
725 1736 842 1776 plures
862 1736 989 1765 milites
1005 1735 1223 1770 Norinannie,
1243 1735 1300 1776 qui
1317 1739 1435 1765 contra
1452 1746 1529 1765 eum
1547 1736 1688 1766 rebella-

205 1782 336 1813 verant,
353 1777 523 1813 exulavit,
543 1777 586 1806 ob
604 1788 706 1817 quam
722 1788 862 1807 causam
878 1777 1064 1807 Robertuin
1082 1776 1122 1805 de
1140 1777 1296 1806 Belesmo
1319 1776 1549 1806 incarceravit
1566 1787 1689 1817 perpe-

204 1824 274 1849 tuo.
300 1819 399 1848 Dedit
422 1819 524 1848 ctiam
548 1818 710 1848 ducatum
735 1818 942 1848 Normannie
960 1818 1031 1847 filio
1051 1829 1110 1847 suo
1132 1817 1328 1853 Guillelmo,
1353 1822 1385 1847 et
1403 1828 1562 1857 proceres
1580 1818 1691 1858 patric

205 1860 405 1890 fidelitatem
416 1860 555 1890 domino
568 1859 719 1889 debitam
730 1860 884 1900 precepit
897 1859 961 1889 sibi
972 1860 1102 1900 jurare.
1118 1859 1201 1888 Cum
1218 1863 1331 1888 autem
1343 1858 1433 1888 idom
1444 1858 1688 1889 Gnillelmus...

205 1902 240 1931 F.
260 1905 301 1931 Le
316 1902 417 1931 de'bnt
434 1901 474 1930 de
489 1912 523 1930 ce
534 1911 682 1941 passage
694 1902 812 1941 par-ait
829 1904 1000 1941 emprunte
1014 1902 1033 1929 (ἱ
1052 1899 1154 1929 Hem-i
1167 1900 1208 1929 (le
1221 1899 1449 1940 Hztntingdon.

245 1955 274 1972 ο.
302 1943 372 1982 regi
394 1943 534 1972 Franeie
553 1942 635 1972 Lud.
656 1942 696 1971 de
714 1942 867 1982 predicto
881 1942 1011 1982 ‘ducatu
1031 1941 1166 1971 fecisset
1183 1941 1383 1981 homagium
1402 1941 1437 1970 F.

243 1995 274 2024 p.
301 1983 438 2013 feodum
455 1983 546 2013 deest
562 1983 599 2013 B.

245 2037 277 2065 q.
301 2025 452 2054 mirabili
468 2025 506 2060 E,
524 2025 563 2055 G.

245 2077 270 2097 r.
297 2066 448 2106 ejusdem
465 2067 555 2096 deest
570 2066 604 2095 F.

245 2119 269 2136 s.
297 2108 385 2137 inter
406 2118 504 2147 reges
522 2107 663 2137 Francie
682 2111 713 2136 et
728 2107 848 2147 Angiic
866 2106 1087 2147 perdurantis
1103 2116 1141 2136 ex
1161 2110 1304 2146 utraque
1321 2110 1418 2146 parte
1436 2106 1540 2136 occisi
1561 2109 1640 2135 sunt
1659 2105 1682 2134 F

246 2236 273 2265 'l.
299 2236 342 2265 Ge
353 2236 410 2276 qui
427 2246 511 2265 nous
528 2239 663 2275 reporte
675 2238 693 2265 a
706 2235 772 2265 l'an
788 2235 875 2264 1111.
891 2235 940 2265 On
952 2235 1023 2265 doit
1035 2246 1234 2276 remarquer
1251 2235 1377 2275 quoles
1389 2234 1477 2264 deux
1489 2234 1557 2264 rois
1572 2235 1685 2263 furent

204 2288 243 2306 vn
262 2277 433 2307 hostilites
447 2277 526 2317 plus
543 2288 586 2306 ou
606 2277 716 2306 moins
731 2277 904 2306 declax-ees
917 2277 1068 2316 pendant
1085 2277 1118 2306 la
1129 2276 1280 2316 majeure
1291 2276 1401 2316 partie
1418 2275 1458 2305 de
1475 2276 1548 2305 leur
1566 2276 1680 2315 regne.

204 2319 307 2347 Henri
335 2318 518 2348 Beauclerc
542 2329 581 2347 nc
605 2318 704 2347 tarda
728 2329 790 2358 pas
817 2321 836 2347 a
863 2318 1008 2347 susciter
1031 2320 1050 2347 a
1073 2317 1174 2347 Louis
1194 2317 1235 2347 VI
1253 2317 1422 2347 l'inimitie
1446 2317 1491 2346 du
1514 2320 1622 2346 comte
1643 2316 1684 2346 de

204 2360 377 2395 Chartres,
398 2359 558 2389 Thibaut.
578 2377 617 2381 -—
631 2360 673 2389 M.
691 2359 883 2400 Hugnenin,
901 2369 940 2388 ne
959 2362 1076 2388 tenant
1089 2370 1152 2399 pas
1170 2363 1304 2398 compte
1318 2359 1358 2388 de
1376 2359 1409 2388 la
1425 2360 1519 2387 treve
1532 2357 1573 2387 de
1592 2358 1681 2392 ‘1114‚

203 2401 364 2430 voudrait
377 2400 530 2440 corriger
546 2400 752 2436 decennium,
772 2401 804 2430 la
821 2400 899 2440 paix
915 2400 1052 2440 n'ayant
1067 2402 1117 2430 ete
1137 2400 1406 2429 definitivement
1426 2398 1565 2429 concluc
1583 2398 1681 2438 qu'en

244 2485 269 2512 2.
299 2483 341 2513 Le
360 2483 526 2513 Ponthieu
545 2488 577 2513 et
593 2483 623 2512 le
645 2483 757 2513 Vexin.

243 2527 271 2553 3.
298 2525 343 2554 La
361 2524 487 2564 phrase
505 2525 545 2554 de
569 2525 689 2564 Sug-er,
708 2535 803 2554 assez
830 2524 1074 2564 eniginatiqne,
1098 2527 1150 2553 cst
1169 2523 1345 2563 expliquee
1363 2533 1426 2562 par
1441 2523 1472 2552 la
1490 2522 1678 2552 correction

201 2565 245 2594 (lu
270 2566 460 2595 manuscrit
484 2566 518 2595 F.
543 2566 633 2596 Dans
655 2577 719 2595 unc
743 2570 903 2595 cntrevue
930 2566 1009 2604 pres
1034 2565 1074 2594 dc
1099 2565 1229 2600 Gisors‚
1254 2567 1273 2593 a
1296 2564 1330 2593 la
1350 2565 1395 2593 fin
1419 2564 1459 2593 de
1486 2574 1576 2593 mars
1602 2564 1680 2593 1114

202 2607 355 2637 {Orderic
377 2607 478 2643 vital,
504 2608 559 2641 lV,
579 2608 742 2647 307-308),
761 2607 810 2636 les
829 2606 915 2636 deux
934 2606 1002 2636 rois
1019 2606 1217 2635 conclurent
1239 2605 1272 2634 13
1289 2605 1368 2645 paix
1385 2615 1391 2641 ;
1420 2616 1485 2645 peu
1506 2606 1618 2645 apr'eS‚
1639 2615 1678 2634 en

202 2648 290 2683 1115,
311 2648 414 2677 chri
435 2648 618 2678 Beauclere
638 2648 778 2678 investit
798 2659 858 2677 son
885 2648 951 2681 fils,
972 2647 1166 2677 Guillaume
1188 2646 1320 2682 Adclin,
1343 2647 1387 2675 du
1405 2646 1513 2675 duche
1533 2646 1574 2675 de
1592 2646 1679 2675 Nor-

200 2689 346 2721 mandie,
369 2694 402 2719 et
421 2690 502 2719 c'est
523 2701 602 2719 sans
621 2689 722 2720 doute
747 2689 838 2719 alors
857 2700 921 2728 quc
942 2689 1043 2718 Louis
1062 2689 1103 2717 vl
1124 2688 1206 2718 ecda
1224 2687 1342 2718 Gisors
1365 2698 1407 2717 au
1429 2687 1530 2727 jeunc
1548 2686 1676 2727 princc‚

198 2741 237 2759 en
254 2734 418 2771 augment
435 2731 475 2761 de
493 2731 552 2761 fief
567 2735 599 2761 et
617 2735 824 2772 moyennant
843 2740 905 2759 unc
921 2730 1070 2760 cel-taine
1086 2739 1213 2760 somme
1234 2728 1357 2769 (gratia
1367 2727 1517 2769 peculii).
