1846 3184
282 168 320 196 98
952 166 1095 197 SUGER

282 253 424 296 cante,
453 244 678 300 inopinate
705 242 889 284 redeunt
910 243 982 300 qui
1002 243 1169 285 domini
1196 243 1311 301 regis
1338 259 1506 300 pacem,
1529 254 1754 302 captorum

282 312 560 362 solutionem,
585 311 814 352 electionis
838 311 1215 353 confirmationem
1235 319 1474 368 reportant.
1502 313 1590 354 Nos
1613 321 1755 353 autem

280 397 331 421 ex
349 381 432 421 hoe
454 379 550 436 ipso
572 378 807 420 voluntatis
824 378 903 420 Dei
923 388 1224 437 argumentum
1250 387 1537 431 assumentes,
1557 380 1755 421 voluntas

278 447 393 489 enim
422 446 501 488 Dei
530 446 610 488 suit
640 454 687 488 ut
709 446 801 488 cito
827 455 1080 488 occurreret
1113 447 1229 504 quod
1262 447 1542 498 volebamus,
1574 464 1671 489 cum
1702 448 1754 488 ad

278 523 459 556 matrem
499 513 745 564 ecclesiam,
794 516 887 555 Deo
929 513 1196 571 opitulante,
1247 515 1622 570 pervenissemus,
1669 522 1755 555 tam

277 581 480 632 dulciter,
511 589 597 622 tam
626 580 844 633 filialiter,
872 589 959 621 tam
991 579 1200 621 nobiliter
1230 580 1367 622 filium
1396 581 1631 638 prodigum
1660 598 1755 622 sus-

277 649 408 707 cepit,
449 657 496 690 ut
537 657 579 690 et
620 648 845 690 dominum
882 664 1028 706 regem
1066 647 1188 705 prius
1226 664 1393 699 severo,
1437 649 1567 689 modo
1599 665 1755 690 sereno

275 718 395 759 vultu
413 729 442 747 ‘⁴¹
476 725 803 775 occurrentem,
838 716 1219 773 arehiepiscopum
1252 715 1572 758 Bituriccnsem
1594 717 1631 767 ¹,
1662 716 1754 774 epi-

276 801 457 842 scopum
487 784 863 827 Silvanectensem
885 785 900 812 2
930 791 972 824 et
1006 782 1326 824 ecclesiasticas
1363 783 1510 840 plures
1544 800 1756 840 personas

274 852 438 894 ibidem
476 869 555 893 nos
584 859 865 909 expectantes
901 859 1165 908 gratanterx
1190 850 1501 892 invenerimus.
1539 850 1623 904 Qui
1660 867 1758 892 curn

272 920 405 961 multa
433 918 714 961 veneratione
744 917 1031 960 celeberrime
1054 934 1150 959 cum
1176 918 1417 959 letabundo
1448 918 1628 959 fratrum
1654 934 1759 959 con-

270 996 403 1028 ventu
452 1004 530 1028 nos
579 986 880 1043 suscepissent
899 1019 908 1037 ,
959 993 1171 1042 sequente
1221 984 1314 1037 die,
1366 986 1548 1027 sabbato
1589 985 1759 1027 scilicet

272 1054 508 1096 medianess
543 1070 610 1094 me
650 1053 881 1112 indignum
920 1052 1138 1094 ordinavit
1175 1052 1486 1110 presbiterum.
1530 1054 1756 1110 Sequente

270 1131 413 1164 autem
438 1121 659 1163 dominica
684 1122 763 1163 Istc·
790 1130 890 1163 sunt
916 1121 1005 1162 dies
1026 1120 1056 1172 4,
1091 1120 1257 1163 ibidem
1282 1129 1381 1162 ante
1410 1120 1754 1162 sacratissimum

270 1206 429 1248 corpus
458 1188 699 1231 beatissimi
724 1188 924 1247 Dyonisii
953 1189 1156 1230 abbatem
1178 1189 1282 1230 licet
1303 1188 1569 1230 immeritum
1600 1205 1756 1230 conse-

270 1266 418 1300 cravit.
457 1260 553 1312 Quo
591 1265 802 1299 consueto
843 1255 923 1298 Dei
971 1256 1298 1314 omnipotencie
1332 1257 1461 1307 facto,
1499 1265 1663 1314 quanto
1702 1257 1754 1298 ab

267 1327 354 1367 imo
380 1326 433 1366 ad
468 1342 699 1377 summum,
730 1326 780 1366 (le
810 1334 996 1366 stercore
1028 1328 1196 1382 erigens
1219 1340 1483 1382 pauperem,
1531 1334 1575 1364 ut
1607 1325 1754 1365 sedere

268 1411 362 1435 cnm
383 1394 653 1452 principilia}¹
672 1393 880 1451 faeeret5,
911 1391 1177 1443 sublimavit,
1207 1400 1328 1433 tanto
1350 1391 1628 1433 humiliorem
1650 1399 1693 1432 et
1717 1391 1751 1432 si

267 1461 478 1520 fragilitas
515 1463 703 1503 humana
734 1470 823 1502 non
850 1460 1086 1517 impediat,
1129 1460 1174 1500 in
1212 1460 1416 1501 omnibus
1444 1458 1751 1500 devotioremy

268 1545 420 1571 manus
444 1538 531 1570 tam
556 1527 810 1570 dulcissima
832 1544 960 1585 quam
983 1526 1293 1584 potentissima
1313 1526 1593 1584 comparavit.
1621 1528 1715 1579 Que
1733 1536 1752 1555 a

267 1613 364 1638 cum
411 1597 456 1638 in
484 1596 704 1638 'omnibus
756 1596 998 1637 clementer
1043 1595 1246 1652 parvitati
1294 1602 1442 1635 nostre
1493 1602 1751 1651 prosperata

266 1664 410 1717 fuerit,
444 1664 564 1706 novit
595 1664 710 1706 enim
746 1662 1091 1705 insufficientiab
1120 1663 1258 1704 nostri
1292 1671 1379 1703 tam
1410 1661 1586 1719 generis
1621 1677 1750 1719 quam

267 1732 466 1784 scientie,
497 1732 612 1773 inter
639 1731 919 1789 antiquorum
950 1730 1204 1788 prediorum
1237 1729 1422 1771 ecclesie
1450 1728 1748 1787 recuperatio-

267 1816 366 1841 nem
397 1808 440 1841 et
476 1816 686 1841 novorum
723 1798 1082 1856 adquisitionem,
1115 1806 1157 1838 et
1190 1797 1375 1839 ecclesie
1408 1796 1748 1853 circumquaque

267 1867 674 1925 augmentaeionem
702 1876 745 1908 et
781 1866 1055 1908 edificiorum
1090 1865 1421 1907 restitucionem
1454 1865 1542 1906 sive
1570 1864 1748 1905 institu-

269 1936 461 1987 cionem,
502 1936 585 1977 hoe
612 1934 890 1992 potissimum
912 1946 927 1963 ⁶
955 1943 997 1976 et
1022 1933 1337 1993 gratissimum,
1372 1932 1504 1974 immo
1536 1948 1747 1973 summam.

308 2066 348 2084 w.
376 2054 471 2094 prius
488 2064 607 2084 screno
625 2054 724 2084 modo
742 2057 775 2084 et
793 2064 910 2083 sereno
929 2053 1026 2083 vultu
1041 2053 1076 2082 F.

306 2107 340 2125 ar.
367 2096 582 2135 gratulanter
600 2095 635 2131 F,
656 2095 694 2126 G.

307 2148 341 2176 y.
368 2137 583 2167 devotionem
599 2137 634 2166 E.

307 2190 337 2207 a.
367 2180 409 2208 Ce
427 2178 486 2218 qui
499 2177 722 2218 snit,jusqu’d
739 2177 771 2206 la
787 2178 832 2216 fin
854 2177 898 2206 clu
910 2175 1142 2217 paragraplze,
1156 2186 1298 2216 metaque
1317 2175 1402 2205 dans
1421 2173 1455 2205 F.

307 2219 338 2249 b.
362 2222 483 2249 Nezclre
494 2218 637 2260 pluriel;
660 2219 707 2249 les
723 2219 975 2253 insuffisanees;
997 2217 1114 2248 inutile
1133 2217 1174 2247 de
1188 2218 1335 2259 corriger
1352 2216 1639 2247 insufficientiam.

308 2272 334 2290 e.
360 2260 639 2301 potentissimum
657 2260 694 2290 D.

307 2400 335 2429 1.
361 2398 504 2438 Vulgrin
524 2399 743 2439 (1121-1136).

307 2442 334 2470 2.
361 2440 590 2470 Clarembaud
607 2440 825 2479 <llis-1133).

303 2485 331 2511 23,
358 2481 408 2511 On
427 2482 564 2521 appelle
584 2481 739 2510 mediana
757 2480 923 2509 dorninica
940 2480 970 2509 le
984 2478 1163 2508 dimanche
1181 2478 1221 2508 de
1241 2478 1274 2508 la
1295 2477 1449 2510 Passion,
1470 2476 1581 2516 lequel
1596 2474 1743 2505 tombait

264 2523 294 2553 le
316 2524 353 2552 12
372 2533 463 2551 mars
485 2533 523 2551 en
551 2523 641 2557 1122;
659 2523 692 2551 la
708 2522 856 2551 semaine
873 2520 1073 2561 precedente
1096 2520 1259 2560 s'appelle
1280 2518 1490 2548 hebdomada
1512 2516 1691 2553 mediana;
1711 2516 1741 2545 le

261 2564 439 2593 sabbatum
458 2563 611 2593 modiane
626 2563 835 2593 cort-esnend
855 2563 940 2592 donc
958 2573 998 2591 en
1019 2562 1092 2590 1122
1111 2572 1154 2590 au
1170 2562 1205 2590 ’11
1226 2571 1328 2589 mars.

301 2607 331 2635 li.
359 2605 583 2634 (j'est-a-dire
601 2605 631 2634 lc
650 2599 829 2633 dimaiiche
848 2604 887 2633 dc
906 2604 938 2632 la
958 2603 1099 2632 Pession
1116 2603 1167 2640 <12
1186 2612 1277 2631 mars
1297 2601 1396 2640 1122).

301 2649 329 2676 5.
356 2646 531 2679 Psaumes,
552 2646 647 2679 CXII.
668 2647 728 2675 7-8.
748 2645 880 2674 ——Yoir
898 2655 984 2684 pour
1001 2654 1036 2673 ee
1052 2655 1116 2684 que
1132 2644 1242 2683 Suger
1259 2642 1308 2671 dit
1326 2642 1367 2671 ici
1386 2642 1426 2671 de
1444 2651 1504 2670 son
1523 2639 1740 2670 administra-

261 2687 331 2717 tion
349 2690 368 2717 a
391 2687 622 2723 Saint—Dcuis‚
648 2687 679 2716 le
702 2686 798 2716 Liber
816 2686 856 2715 de
880 2685 1051 2715 administz
1062 2684 1184 2721 atione,
1205 2684 1286 2724 qu'il
1311 2694 1350 2712 nc
1378 2692 1541 2722 composa
1563 2681 1738 2711 d'ailleurs

260 2739 324 2768 que
342 2729 375 2758 la
392 2728 444 2758 vie
466 2728 506 2758 de
525 2728 625 2758 Louis
644 2728 685 2757 Vl
704 2728 858 2757 acheve'e.
