1846 3184
224 156 260 183 78
890 153 1033 186 SUGER

225 230 268 271 in
291 230 435 272 villam
466 231 767 280 retrusissent,
798 246 872 271 rex
894 230 988 288 ipse
1019 247 1115 272 cum
1145 230 1313 288 paucis,
1340 230 1546 272 videlicet
1573 230 1698 272 nobi-

223 297 391 338 lissimo
418 297 576 338 comite
599 296 937 339 viromandensi
968 298 1153 339 Radull'o
1174 331 1182 347 ,
1214 296 1543 355 consanguineo
1569 313 1646 338 suo
1671 298 1698 344 ¹,

224 368 430 422 Drogone
456 363 746 406 Montiaccnsi
767 365 799 416 2,
830 365 1002 406 duobus
1031 374 1103 406 aut
1133 366 1273 406 tribus
1301 364 1413 415 aliis,
1438 365 1701 422 dedignatus

224 432 368 473 villain
397 431 553 473 timore
586 432 775 490 regredi,
809 449 975 473 memor
1001 432 1187 490 pristine
1212 432 1407 482 virtutis,
1436 431 1570 489 elegit
1600 433 1701 472 hos-

224 501 330 541 tium
354 499 544 557 impetus
567 508 831 541 armatorum
857 499 1139 557 gravissimos
1161 509 1204 541 et
1224 517 1336 558 pene
1360 498 1702 541 innumerabiles

225 568 441 608 sustinere
460 578 489 596 *ν
520 567 649 618 ictus,
689 583 818 625 quam
856 567 890 608 si
924 576 1101 609 coactus
1128 567 1273 609 villam
1309 569 1472 609 intrare
1504 575 1700 624 cogatur,

224 633 401 693 proprie
435 635 685 676 strenuitati
719 643 762 676 et
794 634 909 693 regis
948 635 1208 677 excellentie
1246 636 1472 693 derogare.
1507 637 1704 691 Cumque

224 719 369 744 comcs
407 702 682 753 Teobaldus,
722 704 810 759 jam
844 719 889 744 se
922 703 1132 744 victorem
1173 703 1434 754 arbitratus,
1470 701 1702 759 temptoria

224 769 380 827 prefati
423 769 785 813 viromandensis
821 770 1029 811 comitisoe
1062 771 1325 812 detruncare
1364 770 1498 811 multa
1526 769 1704 812 audacia

226 836 504 888 inniteretur,
530 837 732 879 assistity
753 838 790 879 ci
815 854 960 879 comes
987 837 1094 879 mira
1116 839 1346 881 velocitate
1375 839 1449 896 qui
1473 839 1511 880 ei
1540 838 1705 895 impro-

225 922 383 963 perans
416 922 640 963 nunquam
672 907 885 948 hactenus
921 905 1125 948 Brienses
1159 916 1310 949 contra
1334 906 1706 950 Viromandenscs

224 973 327 1014 talia
354 973 676 1031 presumpsisse
696 986 729 1025 Ζ,
763 973 891 1016 irruit
918 973 962 1015 in
993 991 1112 1026 eum,
1147 975 1373 1033 multoque
1405 982 1563 1016 conatu
1589 973 1706 1014 illate

225 1040 384 1098 injurie
407 1042 545 1083 vicem
573 1042 839 1099 rependenS,
866 1041 1105 1084 fortissime
1131 1043 1320 1100 repellit.
1351 1044 1484 1099 Cujus
1508 1050 1593 1083 tam
1622 1041 1706 1082 vir-

226 1118 317 1152 tute
345 1126 474 1167 quam
497 1110 687 1152 elamore
710 1109 819 1168 regii
844 1110 1072 1152 exhilarati
1098 1111 1299 1169 quirites,
1322 1111 1365 1152 in
1389 1128 1462 1152 eos
1488 1110 1705 1158 insiliunt,

225 1185 318 1219 toto
338 1176 482 1218 animo
500 1193 650 1219 eorum
671 1178 929 1235 sanguinem
949 1177 1149 1220 sitientes
1170 1179 1504 1238 aggrediuntur,
1526 1178 1705 1228 cedunt,

225 1245 521 1286 dehonestant
547 1253 589 1286 et
621 1261 757 1304 usque
788 1246 1036 1297 Puteolum,
1071 1247 1198 1288 etiam
1229 1248 1264 1288 si
1292 1255 1418 1305 porta
1454 1245 1655 1288 sorderet
1669 1256 1704 1293 0,

227 1312 374 1354 multis
399 1329 548 1355 eorum
577 1315 776 1363 retentis,
807 1314 1008 1371 pluribus
1035 1315 1332 1373 interemptis,
1366 1323 1541 1357 coaetos
1567 1322 1708 1356 retru-

229 1389 395 1432 serunt,
427 1389 470 1422 et
503 1390 549 1423 ut
572 1398 616 1423 se
643 1380 809 1423 habet‘5
843 1381 946 1423 belli
981 1382 1141 1424 dubius
1168 1391 1371 1434 eventus,
1406 1382 1479 1440 qui
1513 1382 1635 1440 prius
1665 1398 1709 1423 se

226 1448 416 1490 victores
457 1450 807 1502 arbitrabantur,
845 1451 1114 1492 erubescunt
1144 1451 1305 1502 victos,
1345 1451 1498 1492 dolent
1534 1459 1708 1508 captos,

228 1516 463 1574 deplorant
483 1517 790 1574 interemptos.
821 1518 1018 1575 Cumque
1045 1535 1118 1560 rex
1146 1518 1357 1576 deinceps
1380 1519 1426 1560 in
1454 1535 1528 1560 eos
1559 1533 1711 1575 preva-

228 1583 354 1633 leret,
401 1600 548 1626 comes
588 1593 731 1626 autem
776 1593 984 1643 tanquam
1019 1586 1072 1627 de
1110 1603 1280 1628 summo
1319 1595 1413 1628 rote
1459 1585 1711 1628 exorbitans

228 1651 494 1694 declinando
523 1652 757 1704 deficeret,
786 1662 886 1711 post
912 1653 1089 1712 longam
1120 1654 1185 1696 sui
1215 1663 1258 1697 et
1288 1671 1466 1697 suorum
1498 1653 1712 1712 defatiga-

229 1719 417 1771 eionem,
457 1727 559 1777 post
589 1719 914 1763 intolerabilem
946 1729 988 1763 et
1025 1721 1374 1780 consumptivam
1409 1722 1474 1765 sui
1510 1738 1710 1764 suorum-

228 1804 312 1846 que
331 1797 349 1816 0
369 1787 719 1845 depressionem,
745 1790 952 1847 quoniam
983 1789 1145 1832 cotidie
1174 1790 1290 1849 regis
1322 1799 1366 1832 et
1393 1807 1570 1832 suorum
1597 1789 1712 1831 inva-

229 1857 425 1898 lescebat
458 1856 670 1898 fortitudo
707 1865 750 1899 et
789 1858 913 1916 regni
959 1857 1221 1916 optimatum
1263 1858 1308 1900 in
1355 1858 1561 1900 comitem
1604 1858 1716 1900 indi-

230 1924 461 1983 gnantium
489 1925 817 1983 frequentacio,
852 1926 1046 1983 prefatus
1080 1943 1249 1980 comes,
1290 1936 1444 1969 nactus
1479 1926 1716 1968 recedendi

231 1991 508 2035 occasionem
542 1992 739 2035 hesterni
775 1993 969 2036 vulneris
999 1994 1282 2052 susceptione
1297 1994 1334 2046 (ἶ,
1370 1994 1498 2053 regie
1532 1994 1716 2037 nuncios

275 2098 315 2117 w.
337 2086 505 2116 sustinere
522 2086 613 2116 deest
632 2087 667 2117 B.

272 2139 306 2158 ω.
331 2127 467 2158 Radulfi
485 2127 566 2157 add.
588 2129 622 2158 F.

272 2181 305 2210 y.
332 2169 499 2199 niteretur
517 2169 627 2199 astitit
647 2169 681 2199 F.

275 2222 303 2240 z.
330 2213 389 2240 Les
407 2210 620 2251 Chroniqucs
639 2210 711 2251 (ΙΙΙ,
731 2211 803 2251 297)
823 2211 975 2251 ajoutenb
997 2211 1029 2242 la
1047 2211 1172 2253 phrase
1189 2213 1340 2243 salvante
1357 2225 1363 2244 2
1383 2214 1424 2244 Et
1438 2225 1501 2255 que
1521 2213 1633 2244 mieux
1646 2211 1719 2244 leur

233 2252 345 2282 venist
360 2255 379 2280 a
396 2251 478 2281 faire
496 2252 570 2281 leur
588 2253 759 2292 fromages
775 2252 832 2292 qui
852 2258 928 2283 sont
946 2253 986 2283 de
1001 2258 1103 2294 grant
1118 2255 1181 2285 los.

275 2305 306 2322 α.
333 2292 458 2322 Plzrase
474 2293 700 2334 em'gmatique
718 2304 780 2333 que
796 2293 842 2323 les
860 2294 1073 2335 Chroniques
1088 2294 1280 2326 traduz'sent
1297 2296 1387 2326 ainsi
1404 2296 1475 2336 (ΙΙΙ,
1496 2297 1568 2338 297)
1587 2307 1593 2327 1
1613 2298 1655 2327 Et
1670 2297 1720 2327 les

234 2335 363 2364 aultres
390 2334 446 2374 qui
476 2334 648 2374 echapper
679 2339 802 2374 purent
828 2346 892 2376 que
919 2336 962 2366 ils
989 2337 1125 2367 avolent
1150 2338 1326 2368 travailles
1349 2342 1381 2368 et
1405 2338 1562 2368 demones
1590 2349 1654 2379 par
1670 2339 1720 2369 les

235 2376 340 2405 boues
356 2377 584 2405 enferm'ereut
601 2387 640 2405 en
659 2376 733 2406 leur
751 2377 925 2407 chasteau.

278 2417 308 2446 b.
332 2416 458 2447 habeat
474 2417 511 2446 B.

277 2469 304 2487 c.
332 2458 383 2487 sui
403 2462 434 2487 et
453 2468 593 2487 suorum
609 2458 644 2493 E,
667 2458 700 2487 F.

278 2498 311 2528 d.
337 2499 531 2539 receptione
549 2499 582 2528 F.

279 2552 307 2570 e.
333 2541 404 2581 regi
425 2540 516 2569 deest
536 2540 570 2569 F.

243 2634 403 2705 1³13Fstl
432 2633 605 2673 d'llugues
638 2634 669 2663 le
699 2634 829 2675 Gmnd,
862 2635 949 2665 frere
979 2635 1019 2664 de
1052 2635 1211 2676 Philippe
1239 2636 1295 2673 1⁸,
1332 2647 1396 2677 par
1420 2637 1506 2667 suite
1536 2638 1654 2667 cousin
1683 2637 1723 2667 de

271 2685 345 2705 ouis
411 2699 416 2704 .

281 2717 309 2745 2.
335 2715 688 2756 Mouchy-le-ChAtel,
706 2716 795 2753 Oise,
813 2721 900 2747 cant.
922 2717 1084 2747 Noailles.
