1846 3184
258 164 296 192 62
929 161 1071 193 sUGER

260 256 343 298 qua
371 238 540 295 origine
569 238 610 279 in
639 238 784 279 medio
809 247 923 280 terre
948 240 1210 281 Sanctorum
1242 246 1542 279 constructum
1573 239 1625 279 ad
1653 239 1740 280 tui-

258 307 428 349 cionem
455 308 547 361 ejus
575 323 595 346 a
620 306 860 348 venerabili
884 306 1036 365 regina
1065 305 1330 348 Constancia
1350 314 1541 347 castrum
1569 322 1658 348 non
1686 308 1739 348 ab

258 375 438 432 antiquo
463 374 643 425 sucrat¹‚
669 375 890 432 quomodo
913 374 1042 415 etiam
1068 382 1169 431 post
1189 382 1328 415 totum
1355 373 1455 424 sibi,
1482 373 1618 415 nichil
1648 376 1740 433 regi

258 443 474 500 reliquum
504 450 652 499 preter
688 442 869 498 injurias
905 442 1080 483 fecerat.
1129 442 1277 492 Modo,
1316 441 1349 482 si
1385 442 1601 498 placeret,
1640 441 1741 499 quia

257 510 558 561 Carnotensis,
590 509 812 551 Blcsensis
854 518 896 550 et
931 508 1154 551 Dunensis
1197 509 1413 551 exercitus
1460 509 1610 567 copia,
1657 526 1741 567 qua

257 578 390 620 fretus
420 577 623 619 resistere
649 586 952 628 consueverat,
984 594 1072 618 non
1102 578 1242 619 solum
1270 577 1496 628 deficeret,
1525 577 1601 618 sed
1631 585 1674 618 et
1702 576 1739 618 ci

257 646 503 698 officeretC,
534 645 664 687 castri
703 645 989 687 subversione
1022 653 1061 686 et
1091 644 1288 704 Hugonis
1320 644 1667 686 exheredacioue
1699 652 1742 686 et

256 723 461 772 paternas
489 722 532 755 et
559 730 657 755 suas
686 713 840 755 ulcisci
867 713 992 754 l'aeile
1017 721 1169 770 posset
1198 712 1396 769 injurias.
1430 713 1558 766 Quod
1590 712 1624 754 si
1659 729 1739 755 nec

257 798 355 823 suas
378 798 457 822 nec
480 782 592 822 benc
616 783 870 823 meritorum
895 780 1052 838 punire
1078 781 1210 822 vellet
1231 780 1431 837 injuriaS,
1454 781 1740 822 ecclesiarum

255 848 585 907 oppressiones,
614 866 855 907 pauperum
884 848 1250 906 depredacioneS,
1278 848 1504 890 viduarum
1530 858 1572 890 et
1594 849 1739 906 pupil-

254 917 395 958 lorum
426 917 707 974 impiissimas
732 918 1009 968 vexacioneS,
1038 916 1199 974 quibus
1226 925 1269 958 et
1289 925 1450 958 terrain
1478 919 1739 959 Sanctorum

255 994 297 1027 et
319 994 433 1027 terre
458 986 628 1027 accolas
651 985 936 1043 dilapidabat,
965 993 1037 1026 aut
1065 1001 1163 1026 suas
1193 984 1356 1026 faceret
1377 993 1450 1025 aut
1475 993 1735 1026 removeret.

255 1054 360 1095 Cum
385 1053 519 1112 igitur
541 1053 702 1095 talibus
725 1062 768 1094 et
789 1052 990 1110 pluribus
1010 1053 1208 1110 pulsatus
1228 1069 1303 1093 rex
1327 1051 1396 1094 his
1420 1052 1704 1094 consulendis
1719 1051 1742 1081 d

254 1121 371 1162 diem
400 1121 613 1173 dedisset,
646 1121 911 1163 Milidunum
933 1131 949 1150 e
975 1120 1304 1172 conveni1nus‘2‚
1342 1119 1415 1161 ubi
1447 1120 1570 1161 multi
1601 1120 1739 1162 archi·

255 1189 470 1248 episcopi,
510 1189 725 1247 episcopi,
768 1188 917 1231 cleriei
955 1198 997 1230 et
1035 1188 1276 1230 monachis
1309 1188 1599 1239 confluentes,
1639 1189 1739 1246 quia

256 1273 406 1298 eorum
439 1265 578 1298 terras
609 1257 714 1314 lupo
746 1256 947 1314 rapacior
973 1257 1226 1307 devorabat,
1258 1256 1520 1307 clamabant,
1551 1256 1739 1314 pedibus

254 1326 345 1381 ejus
369 1324 498 1365 etiam
525 1324 717 1365 nolentis
743 1326 1019 1366 accubabant
1043 1341 1050 1364 ε
1075 1333 1121 1365 ut
1144 1323 1475 1381 rapacissimum
1497 1324 1739 1381 predonem

254 1395 484 1450 Hugonem
511 1401 842 1450 compesceret,
867 1393 1116 1450 prebendas
1140 1409 1238 1433 suas
1265 1391 1564 1434 munificentia
1588 1408 1738 1451 regum

253 1460 297 1502 in
326 1461 469 1511 Belsa,
495 1477 579 1518 que
607 1461 726 1502 ferax
754 1469 821 1501 est
845 1460 1069 1511 frumenti,
1098 1460 1384 1502 servitoribus
1414 1460 1493 1502 Dei
1523 1461 1738 1502 constitu-

254 1536 319 1569 tas
340 1529 392 1569 de
416 1528 537 1569 fauce
558 1528 763 1569 draconis
784 1527 957 1585 eripiat,
982 1537 1121 1569 terras
1144 1528 1439 1580 sacerdotum,
1463 1545 1551 1569 non
1571 1527 1742 1570 minus3

253 1597 333 1637 sub
372 1595 525 1637 sevitia
552 1595 795 1638 Pharaonis
824 1596 937 1637 solas
970 1596 1284 1654 emancipatas,
1318 1596 1596 1654 emancipare
1624 1604 1738 1638 sata-

250 1672 340 1722 gat,
365 1672 534 1721 partem
556 1663 655 1715 Dei,
675 1665 797 1720 cujus
821 1664 873 1705 ad
891 1663 1198 1705 vivificandum
1217 1672 1364 1722 portat
1389 1680 1464 1706 rex
1482 1663 1735 1723 imaginem,

251 1731 439 1773 vicarius
475 1733 567 1788 ejus
596 1731 780 1773 liberam
813 1731 1015 1772 restituat
1043 1731 1304 1789 suppliciter
1333 1731 1583 1789 implorant.
1619 1734 1739 1786 Quo-

252 1815 346 1840 rum
393 1816 524 1856 prece
571 1801 687 1841 bono
729 1798 874 1840 animo
918 1808 1147 1856 suscepta,
1195 1799 1333 1841 nichil
1376 1799 1740 1841 inconvenienter

252 1867 523 1924 suscipiens,
570 1868 881 1909 recedentibus
927 1866 1107 1925 prelatis
1146 1867 1353 1919 ecclesie,
1399 1867 1737 1925 archiepiscopo

291 2032 316 2049 c.
343 2021 491 2050 officeret
510 2021 542 2050 in
560 2020 741 2061 stipendiis
760 2021 883 2051 annuis
899 2021 933 2051 F.

289 2061 322 2091 d.
348 2062 567 2091 consulendis
587 2063 676 2091 diem
695 2062 847 2093 dedisset
872 2062 964 2102 apud
985 2062 1214 2101 Meledunum,
1242 2063 1288 2094 ibi
1307 2074 1384 2093 eum
1407 2063 1615 2093 consiliariis
1630 2061 1737 2104 regiis

249 2104 409 2143 generale
425 2104 533 2133 tenuit
548 2104 814 2143 parlamentum.
834 2104 883 2134 Ad
903 2103 993 2144 quod
1015 2105 1114 2135 multi
1133 2105 1167 2134 F.

291 2156 318 2174 e.
344 2144 562 2175 Meledunuin
585 2146 622 2175 G.

287 2186 312 2225 f.
338 2186 427 2215 inter
461 2197 546 2226 quos
586 2187 772 2226 Sugerius,
805 2185 990 2227 religiosus
1021 2187 1162 2217 ecclesie
1195 2187 1232 2216 Β.
1268 2187 1319 2223 D.‚
1351 2187 1407 2228 qui
1437 2187 1525 2217 hanc
1554 2187 1735 2218 historiam

249 2227 390 2267 scripsit
408 2228 442 2257 F.

290 2355 317 2385 1.
344 2356 390 2385 La
408 2356 499 2386 reine
521 2357 710 2386 constance
728 2358 822 2387 avait
839 2368 878 2387 en
897 2357 974 2388 effet
992 2358 1137 2398 possede
1158 2358 1189 2388 10
1211 2358 1356 2388 chateau
1374 2358 1418 2388 du
1437 2358 1569 2395 Puiset;
1587 2370 1648 2388 son
1666 2359 1733 2395 fils,

247 2396 349 2426 Henri
370 2398 419 2431 ΙΝ,
442 2398 491 2427 fut
508 2398 622 2438 ohlige
640 2398 680 2427 de
698 2398 728 2428 10
747 2399 933 2439 reprendi-e
951 2399 991 2430 (10
1015 2399 1091 2429 vive
1110 2401 1200 2429 force
1218 2410 1295 2429 vers
1314 2400 1391 2429 1032
1409 2410 1452 2429 ou
1471 2400 1549 2429 1033
1568 2399 1735 2438 (Miracles

248 2438 289 2467 de
310 2437 400 2467 saint
429 2440 558 2473 Benoz't,
584 2439 636 2469 ed.
661 2439 701 2469 de
726 2440 883 2476 Certain,
912 2442 1075 2481 242-243).
1108 2459 1147 2464 —
1175 2441 1240 2470 Par
1267 2444 1358 2471 terra
1385 2445 1589 2477 sanctorum,
1625 2442 1736 2482 Suger

248 2479 443 2550 {mimigles
467 2481 655 2510 nombreux
673 2481 850 2511 domaines
872 2482 912 2511 de
930 2482 1087 2522 l'abbaye
1104 2482 1144 2511 de
1162 2482 1384 2512 Saint-Denis
1411 2482 1497 2512 dans
1521 2486 1606 2512 cette
1624 2483 1735 2522 partie

274 2532 290 2550 0
324 2531 342 2549 a
389 2531 502 2551 cauce.

289 2563 318 2591 2.
344 2562 389 2591 La
416 2562 493 2592 date
517 2563 557 2592 de
578 2574 614 2593 ee
632 2564 825 2603 parlement
843 2564 882 2594 de
910 2565 1023 2595 Melini
1048 2569 1099 2595 est
1122 2565 1191 2595 mal
1209 2575 1348 2594 eonnue.
1376 2565 1467 2595 Nous
1495 2575 1637 2596 verrons
1655 2565 1733 2605 plus

248 2602 317 2632 loin
339 2614 402 2642 que
421 2604 451 2633 10
470 2604 619 2644 premier
637 2605 728 2644 siege
748 2605 793 2634 du
809 2606 924 2635 puiset
942 2606 1013 2637 doit
1031 2609 1101 2636 etre
1117 2608 1279 2646 rapporte‘
1297 2609 1315 2635 a
1330 2606 1396 2636 l'an
1417 2606 1504 2636 1111.

289 2646 316 2673 3.
339 2647 411 2674 Non
430 2645 537 2675 minus
561 2658 580 2675 a
601 2646 642 2675 ici
662 2646 692 2675 10
717 2656 793 2676 sens
817 2646 857 2676 de
881 2650 993 2678 meme.
1013 2666 1052 2670 —
1070 2648 1114 2678 Ce
1130 2658 1279 2688 passage
1297 2647 1337 2676 de
1355 2647 1388 2677 la
1407 2649 1458 2677 vie
1474 2648 1513 2677 de
1532 2647 1633 2677 Louis
1652 2648 1693 2677 vl
1713 2658 1732 2678 a

246 2687 297 2715 ete
330 2686 509 2725 reprodnit
540 2697 579 2716 en
613 2688 738 2728 abrege
770 2698 834 2727 par
864 2689 975 2729 Snger
1010 2690 1095 2719 dans
1130 2700 1190 2719 son
1219 2688 1316 2719 Liber
1347 2690 1388 2719 de
1416 2688 1728 2725 administratione,

248 2728 347 2766 ehap.
368 2728 426 2757 XII
443 2728 508 2768 (ed.
526 2729 644 2769 Leeoy,
664 2739 698 2769 p.
726 2729 807 2768 171).
