1846 3184
299 123 316 138 η

269 170 327 200 172
912 169 1115 200 HISTOIRE

269 255 311 288 ct
336 263 433 288 eum
458 245 669 303 piissimis
694 246 901 304 precibus
930 247 982 288 ad
1009 245 1246 288 vindictam
1275 262 1515 304 pauperum
1541 255 1585 288 et
1611 246 1748 304 capti-

268 330 419 356 vorum
442 313 626 355 exortati
650 322 765 355 sunt.
788 315 916 356 Unde
938 314 1162 371 piissimus
1187 330 1276 366 rex,
1306 313 1452 356 audita
1476 313 1748 355 tirannorum

268 381 467 439 predicta
498 381 709 439 nequitia,
744 398 825 423 nec
862 398 995 433 mora,
1038 383 1322 440 congregavit
1363 383 1600 423 exercitum
1635 390 1677 423 ct.
1705 381 1747 422 in

267 448 386 507 virga
414 448 613 500 ultionis,
650 449 703 490 ad
739 465 868 506 quam
909 466 997 490 non
1036 458 1128 490 erat
1160 449 1371 501 difficilis,
1410 450 1616 491 adversus
1650 449 1749 490 illos

269 517 542 558 adversarios
568 517 783 559 militavit.
821 518 928 559 Cum
960 516 1119 574 quibus
1153 533 1282 558 manu
1317 517 1529 575 belligera
1564 534 1750 576 congre—

269 584 412 635 diens,
453 584 611 626 sactum
643 586 763 643 regia
800 587 1026 641 majestate
1066 585 1272 643 dignum,
1314 585 1357 626 in
1392 601 1466 626 ore
1504 584 1639 642 gladii
1677 601 1751 626 eos

270 652 536 711 expugnavit
579 662 622 694 et
662 661 935 711 expugnatos
982 651 1129 709 cepit,
1181 661 1331 709 captos
1381 651 1510 693 etiam
1536 662 1559 681 x
1605 668 1752 693 secum

269 720 466 772 abduxit,
514 737 623 778 quos
659 720 854 778 captivos
894 720 1059 762 tamdiu
1094 720 1236 761 tenuit
1274 720 1419 777 quoad
1458 736 1596 777 usque
1631 719 1752 760 firma

269 788 354 829 fide
412 788 712 846 promiserunt
770 788 887 845 quod
946 789 999 829 ab
1059 787 1379 845 inquietatione
1440 786 1749 837 ecclesiarum,

270 872 511 914 pauperum
547 865 589 897 et
626 857 960 914 peregrinorum
995 855 1206 913 deinceps
1234 863 1449 913 perpetuo
1482 854 1748 896 cessarent1.

462 997 651 1048 [XXIINJ
689 996 884 1037 Vindicta
907 1010 1038 1053 (suam
1059 996 1162 1053 fecit
1186 994 1553 1035 Cluniaeensibus.

331 1099 516 1156 Expleto
550 1115 639 1140 non
678 1099 813 1157 longo
843 1107 1042 1156 tempore
1072 1106 1172 1155 post
1188 1098 1220 1149 ⁴2,
1258 1097 1479 1155 quoddam
1512 1097 1755 1139 execrabile

272 1167 432 1208 factum
488 1175 530 1207 ct
581 1167 745 1207 nostris
802 1166 1077 1223 temporibus
1126 1165 1370 1207 inauditum
1429 1181 1508 1223 per
1561 1164 1754 1206 diversas

274 1233 477 1293 regiones
503 1235 845 1292 circumquaque
874 1235 1144 1292 divulgatum
1167 1242 1246 1275 est.
1283 1234 1456 1274 Etenim
1479 1231 1752 1283 XVillermus,

274 1318 420 1343 comes
444 1302 769 1353 Cabilonensis,
801 1302 965 1343 diaboli
989 1301 1173 1360 vestigia
1197 1317 1386 1358 sequens
1415 1301 1487 1357 qui
1521 1298 1755 1340 Dominum

273 1378 488 1427 temptare
540 1369 836 1427 presumpsit,
881 1369 1113 1411 ecclesiam
1164 1369 1499 1410 Cluniacenscm
1550 1368 1757 1408 atrociter

273 1438 637 1495 persequebatur.
685 1440 783 1495 Ipse
821 1437 1025 1496 equidem
1072 1437 1308 1478 infinitosy
1348 1436 1584 1494 predones,
1625 1435 1756 1494 vulgo

272 1508 414 1550 dictos
454 1508 774 1550 Brabantiones
793 1510 824 1561 3,
866 1509 939 1567 qui
978 1525 1057 1550 ncc
1103 1511 1242 1551 Deum
1282 1507 1473 1566 diligunt
1522 1523 1602 1548 nee
1646 1506 1757 1547 viam

273 1576 468 1619 veritatis
498 1593 767 1635 cognoscere
794 1578 962 1628 volunt,
997 1577 1049 1618 ad
1085 1576 1389 1619 crudelitatem
1417 1593 1492 1617 sue
1521 1574 1755 1616 tirannidis

275 1645 535 1703 explendam
562 1645 793 1702 colligens,
826 1645 1051 1687 sceleratis
1079 1644 1342 1686 satellitibus
1365 1644 1517 1692 fretus,
1549 1643 1755 1684 adversus

274 1715 518 1773 predictam
553 1716 783 1756 ecclesiam
815 1725 862 1757 ut
894 1732 987 1758 eam
1021 1716 1342 1773 dcpredarctur
1372 1714 1509 1771 predo
1534 1713 1755 1771 profectus

274 1792 353 1826 est.
391 1783 597 1826 Monachi
631 1800 734 1825 vero
770 1783 815 1824 in
843 1784 995 1825 eadem
1030 1783 1215 1825 ecclesia
1250 1785 1343 1824 Dco
1381 1781 1636 1831 servientes,
1668 1797 1754 1822 non

273 1854 387 1895 ferro
413 1861 485 1894 aut
519 1853 662 1910 clipeo
690 1852 896 1910 protecti,
930 1852 1005 1894 sed
1036 1852 1175 1893 solum
1197 1851 1356 1893 divinis
1383 1850 1512 1891 armis
1544 1859 1586 1891 et
1615 1849 1756 1891 eccle-

275 1921 463 1963 siasticis
502 1922 777 1963 vestimentis
815 1920 984 1971 induti,
1034 1936 1131 1961 cum
1177 1927 1426 1961 sanctorum
1470 1917 1669 1975 reliquiis
1715 1925 1758 1958 ct

273 1991 478 2032 crucibus
514 1989 727 2031 tirannoss
760 1989 931 2030 obviam
967 2005 1063 2030 cum
1097 2003 1252 2046 magna
1284 1986 1566 2027 multitudine
1605 1984 1756 2043 populi

273 2067 601 2115 processerunt.
647 2058 722 2099 Illa
762 2066 905 2099 autem
946 2056 1182 2098 satellitum
1229 2054 1529 2112 predictorum
1568 2054 1757 2110 pessima

312 2189 346 2208 .r.
372 2178 475 2208 ctiam
493 2177 583 2206 dees-t
599 2177 637 2208 G.

313 2231 345 2259 y.
372 2219 530 2248 inimicos
547 2219 583 2249 G.

314 2273 341 2290 z.
368 2261 425 2295 lei,
455 2260 572 2290 lucane
593 2259 671 2289 (l'un
691 2258 822 2299 selcillet
841 2259 927 2289 dans
945 2260 987 2295 A;
1013 2270 1096 2288 nous
1119 2258 1151 2287 lu
1177 2257 1344 2287 ‹tomblons
1363 2259 1381 2286 ἁ
1404 2256 1505 2287 l¹aide
1531 2256 1572 2286 cle
1594 2256 1642 2286 ΑΞ
1677 2255 1754 2296 (ms.

274 2304 333 2332 lat.
354 2303 475 2343 12712),
494 2301 586 2342 copie
603 2301 643 2330 de
661 2302 696 2331 A.

316 2450 343 2479 1.
371 2449 574 2488 L’anonyme
591 2448 662 2478 doit
681 2448 763 2477 faire
782 2447 929 2477 allusion
947 2447 989 2476 ici
1008 2451 1026 2476 a
1044 2446 1190 2476 l'accord
1210 2445 1249 2475 de
1267 2445 1355 2481 1162,
1376 2444 1516 2484 analyse
1531 2453 1594 2483 par
1612 2443 1649 2472 D.
1666 2442 1759 2472 Vais-

276 2495 356 2527 sete,
375 2491 432 2525 Ill,
450 2491 602 2520 8223-ssssst

316 2535 341 2561 ·.>.
370 2532 416 2562 La
439 2532 516 2561 date
534 2532 574 2560 de
597 2530 817 2571 l'expcdition
836 2535 951 2560 contre
976 2531 1006 2559 le.
1030 2534 1139 2559 comte
1161 2529 1200 2558 dc
1228 2528 1357 2558 Chalon
1379 2531 1430 2557 cst
1457 2527 1524 2556 mal
1543 2535 1693 2559 connum
1714 2535 1758 2554 un

274 2584 422 2614 passage
440 2573 480 2602 de
498 2574 530 2603 la
545 2573 730 2612 chronique
747 2572 921 2611 d'Ilugnes
937 2572 977 2600 dc
992 2571 1136 2601 Poiticrs
1153 2574 1284 2610 pcrnict
1299 2572 1461 2609 poni-tant
1476 2568 1516 2596 de
1531 2568 1564 2596 la
1576 2570 1759 2607 rapporter

273 2626 316 2645 au
335 2615 527 2655 print-emp<
546 2614 586 2643 de
605 2615 671 2643 l'an
691 2614 779 2643 1166.
801 2613 893 2651 (Yoir
911 2613 993 2642 llis-t.
1014 2612 1055 2641 (le
1072 2615 1208 2646 France,
1229 2612 1299 2647 XII,
1320 2612 1386 2645 132,
1408 2609 1511 2649 note.)

315 2658 343 2686 3.
370 2656 596 2686 C'est-a-dire
620 2655 679 2684 dcs
704 2654 943 2689 mercenaircs,
964 2654 1023 2683 des
1043 2653 1213 2685 mutim-s:
1240 2663 1342 2692 voycz
1366 2654 1385 2681 a
1409 2662 1445 2680 ce
1470 2650 1557 2690 sujet
1575 2661 1619 2679 un
1639 2648 1756 2678 article

274 2698 314 2727 dc
330 2698 477 2731 Gen-aud,
494 2696 581 2727 Bibl.
601 2697 642 2725 de
660 2696 770 2725 l’e'cole
788 2696 846 2725 des
866 2695 1016 2729 (barte-5,
1033 2695 1058 2729 Ι,
1078 2698 1106 2729 3,
1127 2706 1159 2735 p.
1178 2696 1235 2724 ‘123
1254 2699 1285 2724 et
1301 2693 1402 2728 suiv„
1423 2696 1455 2722 ct
1471 2690 1643 2726 Boutaric,
1663 2689 1757 2720 Insti-

273 2739 398 2769 tutions
415 2738 591 2769 militaircs
606 2738 646 2768 (le
662 2737 694 2767 [α
712 2740 849 2774 France,
870 2748 902 2777 p.
923 2738 982 2766 240
1000 2741 1030 2767 et
1053 2736 1138 2766 suiv.
