1846 3184
662 151 720 182 DU
744 150 816 181 ROI
840 150 969 181 LOUIS
991 149 1051 179 Vll
1539 147 1598 176 ¹175

112 230 415 274 tantummodo
471 228 677 270 carnibus
726 228 858 270 vitam
911 243 1030 268 suam
1085 224 1435 267 sustentarenti.
1490 226 1595 266 Pars

112 315 286 358 quoque
340 298 653 339 monachorum
706 295 903 337 excubiis
958 295 1100 335 noctis
1148 291 1446 344 insistebatj‚
1495 308 1596 349 pars

111 367 269 408 lassata
316 366 508 406 membra
552 380 710 421 sopore
756 362 1075 420 aliquantulum
1113 362 1354 403 recreabat.
1398 362 1596 416 Cumque

111 442 231 475 tanta
273 432 502 474 vexatione
545 440 898 481 coarctarentur,
934 431 1068 471 abbas
1106 429 1260 470 videns
1295 428 1413 486 quod
1457 426 1598 483 iniqui

112 500 331 551 11011111165,
366 501 418 541 ab
447 499 671 556 impietate
695 515 770 540 sua
798 498 1049 539 nullatenus
1072 496 1358 547 desistentes,
1388 495 1524 553 magis
1551 510 1598 535 ac

114 567 251 626 magis
289 584 362 609 eos
395 567 677 622 assiliebant,
718 583 797 624 per
828 566 1105 624 quorundam
1140 564 1380 605 amicorum
1422 578 1599 604 suorum

114 637 381 678 conductum
417 636 527 676 clam
562 636 876 676 monasterium
907 633 1039 675 exivit
1072 641 1115 674 ct
1148 649 1296 690 regem
1331 630 1599 673 Ludovicum

114 705 312 761 Corbeye.
341 704 643 745 demorantem
671 703 875 744 celeriter
909 701 1041 743 3(11111
1063 735 1072 751 ,
1113 700 1182 742 cui
1217 700 1441 758 querelam
1479 714 1599 740 suam

112 772 365 829 deponens,
404 788 536 829 super
574 771 736 827 injusta
772 769 1094 827 inquietatione
1131 767 1446 812 vizeliac-ensis
1481 783 1600 808 com-

113 839 260 881 munie
304 839 342 880 61
385 839 721 897 proclamavitk.
773 841 869 892 Quo
919 855 998 896 per
1040 837 1384 878 insinuationem
1429 834 1601 876 abbatis

115 907 294 966 cognito
320 906 346 959 l,
384 924 459 948 rex
491 923 664 964 semper
694 914 924 964 promptus
961 906 1013 946 ad
1040 905 1327 948 ecclesiarum
1365 902 1601 961 protectio-

116 992 231 1018 nem.
269 976 597 1033 Lingonensem
628 974 885 1032 episcopum
901 974 917 1001 ‘2
948 974 1001 1015 ad
1031 973 1235 1015 comitem
1266 972 1601 1022 Nivernensem,

117 1045 191 1100 qui
214 1044 459 1100 predictam
489 1043 781 1084 communiam
808 1043 1138 1092 manutenebat,
1161 1040 1399 1083 destinavit
1421 1049 1463 1081 et
1488 1056 1604 1080 111311-

116 1111 233 1152 davit
276 1111 314 1152 ei
355 1111 472 1168 quod
513 1128 665 1168 paceni
705 1110 891 1152 ecclesie
934 1111 1189 1152 reformaret
1229 1118 1271 1150 et
1309 1107 1601 1150 communiam

116 1178 321 1236 dissipari
361 1179 536 1220 faceret.
568 1180 725 1220 Comes
752 1195 871 1229 vero,
909 1179 1030 1237 regio
1063 1177 1267 1218 mandato
1297 1178 1604 1233 obtemperare

117 1247 365 1305 negligens,
403 1247 445 1288 in
477 1264 550 1288 sua
584 1248 872 1304 perversitate
903 1246 1106 1287 homines
1146 1245 1471 1289 Vizcliacenses
1504 1261 1605 1301 per-

117 1317 275 1357 durare
325 1332 411 1357 non
463 1315 705 1373 prohibuit.
761 1316 894 1371 Cujus
939 1313 1214 1356 contumacia
1261 1313 1439 1354 auribus
1489 1313 1606 1370 regis

119 1384 269 1434 relata,
302 1383 395 1441 ipse
426 1392 589 1424 tantam
616 1382 969 1441 indignationem
1002 1383 1294 1439 comprimere
1322 1380 1456 1439 digne
1490 1379 1605 1438 cogi-

118 1461 231 1503 tans,
268 1451 508 1492 exercitum
541 1450 842 1509 congregavit,
869 1467 954 1507 quo
984 1450 1174 1491 adunato
1198 1450 1406 1490 adversus
1430 1447 1606 1505 predic-

117 1528 207 1561 tum
258 1519 462 1560 comitem
511 1518 752 1576 equitabat.
801 1519 930 1572 Quod
981 1519 1054 1560 ille
1101 1518 1301 1568 audiens,
1347 1517 1606 1574 episcopum

120 1587 585 1629 Autissiodorensem3
626 1587 678 1628 ad
714 1603 862 1644 regem
902 1586 1123 1645 dirigens,
1161 1584 1383 1627 mandavit
1421 1585 1458 1625 ei
1489 1584 1603 1642 quod

120 1656 361 1698 seeundum
393 1672 512 1697 suam
534 1655 803 1696 voluntatem
836 1655 890 1695 de
922 1654 1120 1712 predicta
1149 1652 1396 1695 communia
1426 1653 1604 1694 faceret.

119 1723 290 1766 Deinde
355 1723 449 1781 ipse
506 1724 621 1780 apud
647 1734 678 1751 m
730 1731 920 1764 castrum
969 1721 1229 1764 Moretum4
1285 1721 1377 1780 regi
1437 1722 1607 1762 obviam

118 1791 316 1841 veniens,
344 1791 381 1833 ei
410 1791 633 1833 fiduciavit
655 1791 773 1849 quod
793 1791 1043 1832 communie
1064 1791 1278 1848 deinceps
1308 1806 1396 1831 non
1423 1806 1607 1830 consen-

121 1864 238 1915 tiret,
268 1863 344 1904 scd
373 1879 465 1904 cam
488 1863 665 1920 penitus
687 1861 938 1919 dissiparet
972 1862 1099 1905 Unde
1124 1879 1214 1912 rex,
1246 1860 1407 1903 fiducia
1434 1861 1608 1902 comitis

122 1939 301 1988 accepta
329 1939 406 1972 61η
441 1930 635 1972 exercitu
670 1930 870 1981 dimisso,
907 1930 1291 1972 Autissiodorum5
1325 1946 1421 1971 cum
1454 1929 1610 1970 eodem

122 1999 280 2040 comite
311 2000 446 2050 venit,
483 2000 559 2040 ubi
586 1999 911 2042 Vizeliacenses
944 2001 1190 2058 burgenses
1230 1997 1458 2040 convocati
1491 2000 1611 2055 jura-

122 2076 268 2109 mento
302 2067 618 2109 firmaverunt⁰
659 2067 777 2125 quod
820 2067 872 2108 ad
906 2067 1177 2109 voluntatem
1216 2066 1400 2109 Ponciiss
1440 2068 1612 2108 abbatis

164 2178 185 2208 i.
212 2178 453 2208 sustentabant
477 2179 516 2208 G.

157 2220 186 2260 j.
213 2219 426 2250 subsistebat
441 2221 503 2249 A2.

165 2261 193 2291 lt.
220 2261 525 2302 proclamaverunt.
544 2262 579 2289 Γ..

168 2302 189 2332 l.
214 2303 332 2343 agnito
356 2304 379 2332 A
395 2306 419 2331 2'.

169 2356 210 2373 m.
236 2344 278 2374 ad
296 2346 319 2373 Α
336 2347 361 2373 ”-’.

167 2397 198 2415 η.
225 2386 314 2426 qnod
333 2387 357 2415 A
370 2388 396 2414 2¹.

168 2440 196 2456 o.
223 2428 477 2457 affirmaverunt
498 2428 518 2456 A
533 2430 559 2456 Ἴ.

174 2533 196 2562 l.
225 2533 315 2562 Dans
335 2533 409 2561 sele
428 2532 467 2561 (le
488 2533 570 2560 1155.

169 2576 196 2603 2.
224 2574 384 2604 Geoffroi.

171 2617 197 2643 3.
225 2615 335 2645 Alain.

169 2657 200 2685 l«.
227 2657 344 2691 Movet,
366 2656 662 2688 Scine-et-Marne,
683 2656 775 2686 ch.-l.
795 2656 834 2685 (le
852 2660 941 2685 eant.

174 2699 203 2727 ἴ».
229 2698 330 2728 Louis
349 2698 403 2727 Vll
419 2698 561 2728 residait
579 2701 596 2727 a
616 2699 763 2727 Anxerre
784 2697 830 2726 les
846 2700 863 2727 ἵ)
878 2702 910 2727 et
933 2700 951 2725 (ἱ
965 2698 1150 2729 novembre
1174 2698 1258 2727 ll.'›.'›.

171 2741 200 2768 6.
227 2739 315 2768 Pons
334 2738 374 2768 de
392 2739 645 2769 Montboissim:
667 2739 741 2779 (teja
762 2741 906 2769 nonime.
