1846 3184
215 184 252 212 58
887 182 1029 214 SUGER

214 276 311 317 pm,
367 261 521 301 crebro
565 261 858 312 submonitus,
911 261 1187 302 audicionem
1235 270 1278 302 et
1314 262 1529 317 judicium
1576 264 1694 305 curie

215 329 402 384 superbe
420 327 666 378 refutasset,
689 328 1089 385 deprcda‹·ionibus
1106 345 1362 386 pauperum,
1382 330 1655 371 contricione
1680 343 1694 360 ²

213 394 514 444 eeclesiarum,
547 395 688 436 tocius
719 395 848 436 etiam
877 395 974 452 pagi
1003 396 1294 437 dissolutione
1327 413 1400 437 rex
1423 397 1692 447 lascessitus,

216 462 318 503 illuc
344 461 447 503 licet
472 462 633 503 invitus
656 463 922 520 properavit,
949 471 1106 504 etcum
1130 464 1276 520 sepius
1302 473 1388 505 tam
1413 465 1544 506 frater
1567 482 1694 522 quam

212 530 276 571 sui
322 529 558 571 fortissima
604 530 789 572 militum
843 547 997 581 manu,
1044 530 1176 571 multa
1217 532 1434 587 jactancia
1478 533 1692 589 repulsam

209 598 532 655 promisissent,
562 598 730 655 seipsos
754 599 882 639 ctiam
911 616 929 639 a
960 607 1103 640 castro
1132 599 1272 640 timidi
1301 601 1642 641 absentaverunt
1664 602 1691 642 ¹.

212 668 307 719 Quo
346 683 417 707 rex
448 666 650 723 expedite
686 666 870 719 irruens,
908 667 1115 708 loricatus
1151 684 1228 724 per
1256 668 1446 708 medium
1480 668 1609 708 castri
1643 669 1695 708 ad

213 733 364 774 turrim
390 734 599 774 festinans
616 744 651 784 a,
677 735 910 775 obsidione
933 734 1068 775 cinxit
1094 735 1286 792 dumque
1311 735 1535 776 machinas
1558 736 1695 792 impu-

211 803 466 860 gnatorias,
526 802 804 860 mangunella
861 810 904 842 et
961 801 1248 843 fundibalaria
1305 802 1483 843 inchoat
1533 802 1697 843 instru-

214 877 374 913 menta,
400 885 486 909 non
517 868 678 918 statim,
715 870 790 909 sed
815 877 915 926 post
949 869 1108 909 multos
1133 869 1244 920 dies,
1276 885 1373 909 cum
1401 869 1455 910 de
1487 869 1570 909 vita
1597 869 1697 910 ‹les-

213 945 435 994 peramnt,
467 953 540 977 eos
576 937 629 977 ad
659 937 937 978 dedicionem
964 938 1123 995 coegit.
1154 936 1334 978 Interim
1366 953 1468 978 vero
1495 946 1632 978 mater
1656 945 1697 977 et

212 1004 450 1045 avunculus
487 1003 771 1044 Amalrieusb
811 1004 865 1044 de
904 1006 1053 1044 Monte
1088 1003 1233 1055 Forti,
1284 1003 1463 1045 alterius
1513 1004 1694 1045 honoris

211 1071 417 1112 videlicet
456 1071 619 1112 Montis
660 1071 816 1112 Lehcri
854 1071 1139 1112 formidantes
1171 1071 1469 1122 amissionem,
1506 1072 1693 1112 eundem

212 1140 423 1180 honorem
460 1139 634 1196 Hugoni
672 1139 982 1181 Creciacensi⁶
1016 1139 1146 1180 filiam
1178 1139 1385 1180 Amalrici
1417 1139 1696 1180 matrimonio

213 1207 471 1264 copulantes
512 1207 796 1248 contulerunt
818 1208 849 1258 ⁴3,
900 1209 982 1248 hoc
1016 1209 1108 1265 regi
1124 1208 1146 1236 d
1180 1224 1313 1249 unum
1351 1207 1695 1264 peremptorium

213 1275 576 1334 impedimentum
609 1292 834 1333 opponere
867 1285 1113 1333 sperantes,
1147 1284 1195 1317 ut
1224 1284 1310 1316 tam
1346 1275 1484 1332 ipsius
1514 1275 1696 1316 honoris

213 1343 367 1384 castris
399 1360 528 1401 quam
565 1343 781 1386 Guidonis
812 1344 865 1384 de
898 1345 1022 1401 Rupe
1056 1343 1193 1393 Forti,
1230 1343 1375 1384 fratris
1403 1343 1467 1384 sui
1489 1344 1520 1393 3,
1557 1342 1696 1399 ipsius

213 1427 387 1469 quoquc
435 1411 642 1452 Amalrici
695 1428 833 1469 usque
883 1411 926 1452 in
976 1411 1289 1453 Normanniam
1340 1419 1558 1468 potestate
1603 1412 1695 1451 sine

213 1479 554 1536 interpolatione
582 1488 778 1529 extensa,
806 1480 870 1520 via
900 1479 1189 1536 impediretur
1217 1488 1259 1519 et
1283 1487 1431 1535 preter
1453 1478 1558 1519 alias
1587 1494 1694 1535 quas

212 1555 395 1604 possent
431 1546 547 1587 omni
586 1547 656 1588 die
700 1546 861 1588 inferre
902 1564 1038 1604 usque
1075 1546 1290 1588 Parisium
1325 1545 1521 1602 injurias,
1565 1545 1694 1586 etiam

214 1617 377 1656 Drocas
404 1613 466 1655 ire
499 1614 619 1655 nullo
652 1614 781 1655 modo
810 1614 847 1655 ei
878 1615 1221 1671 permitteretur.
1262 1614 1371 1654 Cum
1401 1612 1518 1654 enim
1547 1615 1691 1670 Hugo,

211 1682 321 1724 inito
349 1681 643 1731 matrimonio,
672 1681 775 1723 illuc
796 1682 1008 1723 velociter
1032 1690 1243 1727 curreret,
1274 1681 1468 1722 velocius
1494 1697 1591 1722 eum
1622 1696 1697 1722 rex

215 1752 546 1808 subsequutuse
587 1759 668 1801 est,
711 1766 807 1791 cum
846 1750 997 1791 eadem
1037 1751 1160 1799 hora,
1200 1749 1354 1790 eodem
1389 1758 1609 1790 momento
1651 1757 1698 1790 ut

213 1818 429 1876 comperit
446 1853 454 1869 ‚
483 1820 658 1860 Castras
681 1818 696 1846 4
713 1852 721 1868 ‚
752 1818 908 1875 prefati
934 1817 1116 1858 honoris
1138 1816 1350 1874 oppidum
1370 1850 1378 1866 ,
1407 1816 1696 1857 audacissime

211 1886 483 1928 acceleravit.
528 1886 655 1928 Unde
694 1886 897 1927 meliores
937 1894 1052 1926 terre
1102 1902 1178 1942 spe
1223 1884 1500 1926 liberalitatis
1538 1901 1613 1925 sue
1653 1892 1696 1925 et

251 2091 279 2109 ε.
306 2079 520 2108 contentione
539 2078 572 2107 F.

251 2132 282 2150 α.
309 2120 423 2160 ipsam
440 2119 521 2149 add.
540 2120 576 2148 F.

250 2162 281 2191 b.
306 2172 418 2191 eomes
437 2161 477 2190 de
491 2161 685 2190 Monteforti
707 2161 739 2190 F.

250 2214 277 2232 c.
303 2203 410 2239 Grec„
427 2203 498 2232 filio
517 2202 652 2232 comitis
667 2202 707 2231 de
724 2201 914 2241 Rupeforti,
938 2212 1038 2241 quem
1058 2201 1217 2230 dominus
1237 2201 1428 2231 Lndovicus
1448 2201 1544 2242 prius
1562 2202 1695 2232 viribus

209 2245 465 2279 humiliaverat,
485 2247 518 2273 et
534 2243 643 2273 eidem
662 2243 738 2272 ideo
755 2243 995 2277 rebellaverat,
1016 2243 1162 2272 filiam...
1188 2242 1223 2271 F.

251 2286 281 2314 d.
310 2286 381 2325 regi
398 2285 511 2326 ajoute'
522 2296 591 2325 par
608 2295 670 2314 une
684 2283 775 2314 main
791 2283 1059 2324 contemporaine
1078 2285 1121 2320 A;
1139 2284 1201 2313 hoc
1217 2283 1245 2312 ei
1267 2283 1302 2320 B,
1321 2284 1358 2313 D.

250 2339 277 2357 e.
306 2331 441 2357 secutus
460 2326 498 2356 B.

251 2493 277 2521 ‘l.
305 2491 398 2520 Cette
416 2489 617 2530 occupation
638 2489 683 2518 du
701 2490 845 2519 chateau
866 2489 905 2518 de
924 2489 1054 2518 Mantes
1074 2488 1146 2517 doit
1166 2488 1264 2517 dater
1281 2487 1321 2516 de
1339 2488 1406 2517 l'an
1427 2488 1516 2525 1110,
1537 2491 1556 2517 ἐι
1573 2488 1694 2518 eondi-

209 2535 279 2563 tion
298 2533 500 2561 d'admettre
520 2541 583 2571 que
603 2531 713 2571 Suger
732 2530 799 2560 suit
816 2534 1027 2559 exactcment
1044 2529 1169 2559 l'ordre
1187 2529 1468 2568 chronologique.

251 2576 277 2604 2.
305 2573 522 2603 C'est-a-dire
541 2572 641 2612 qu'ils
658 2572 844 2601 s'alli'erent
858 2574 877 2601 a
894 2572 927 2600 la
944 2571 1072 2600 famille
1089 2571 1128 2600 dc
1142 2570 1336 2603 Roehefort.
1353 2570 1436 2599 dont
1452 2570 1500 2600 les
1516 2570 1693 2603 chateamt.

209 2616 297 2646 ainsi
315 2626 379 2655 que
394 2616 504 2655 Suger
522 2614 551 2642 le
569 2613 644 2643 dira
661 2614 739 2653 plns
758 2613 838 2647 bas,
858 2612 1038 2642 sormaient
1057 2622 1187 2642 comme
1208 2622 1273 2641 une
1294 2612 1445 2641 ceinture
1461 2622 1504 2641 au
1520 2613 1696 2643 sud-ouest

212 2658 252 2686 de
275 2657 383 2687 Paris.

251 2700 278 2727 13.
304 2698 373 2727 Fils
392 2698 432 2727 de
451 2696 514 2727 Gui
533 2696 562 2727 Ie
580 2698 707 2736 Rouge,
729 2700 817 2725 mort
835 2695 999 2735 quelques
1019 2696 1143 2724 anne-es
1162 2697 1389 2734 auparavant.

249 2741 277 2769 ἰ.
304 2739 458 2773 Chatres,
479 2737 695 2777 aujourd'hui
714 2737 874 2777 Arpajon,
895 2735 1163 2771 Seine-et-Oise,
1182 2735 1281 2764 ch.—l.
1302 2734 1342 2764 de
1361 2739 1496 2764 canton.

1838 697 1846 932 ..fl—Q
1839 581 1846 696 -Α-..Α-
