1846 3184
297 133 354 162 108
962 132 1103 164 SUGER

297 209 352 250 tis
397 219 437 250 et
469 209 670 250 obsidum
708 208 1031 266 multiplicitate
1074 209 1255 260 firmata,
1294 209 1432 251 victor
1478 210 1518 251 in
1563 212 1765 253 omnibus

299 276 490 317 restituit
510 278 537 316 ¹.

355 345 547 386 Verumn
602 354 847 401 temporum
901 345 1038 386 lustro
1087 354 1288 401 peractO,
1338 362 1433 386 cum
1480 346 1765 387 Alvernorum

298 409 503 451 comitum
539 411 704 467 persida
741 411 914 453 levitate
949 411 1189 452 solveretur
1207 413 1238 463 ⁶2,
1276 412 1464 454 recidiva
1502 411 1697 469 episcopi
1727 421 1768 453 et

297 476 482 518 ecclesie
505 478 726 519 calamitas
751 479 983 520 recidivam
1008 488 1200 535 reportat
1218 479 1308 537 regi
1328 480 1661 537 querimoniam.
1686 479 1769 533 Qui

298 561 342 586 se
368 561 491 586 casso
513 545 662 587 labore
685 547 793 588 adeo
820 546 1104 603 defatigatum
1133 547 1395 605 dedignans,
1420 548 1605 589 collecto
1628 547 1768 605 primo

297 612 432 653 multo
461 613 622 668 majore
645 614 855 664 exercitu,
882 622 1041 654 terram
1068 613 1229 670 repetit
1258 614 1560 656 Alvernorum.
1589 617 1768 671 Jamqu‹¹

295 680 439 736 gravis
478 696 662 737 corpore
707 690 749 722 ct
787 698 943 723 carnee
981 680 1281 737 spissitudinis
1322 681 1433 722 mole
1476 681 1766 738 ponderosus,

297 762 394 787 cum
420 746 529 787 alius
552 747 777 804 quislibet,
806 765 972 805 pauper
995 747 1140 798 ctiam,
1168 756 1286 788 tanta
1309 749 1506 805 corporis
1533 747 1766 805 periculosi

294 814 653 856 incommoditate
686 817 881 872 equitare
910 832 989 857 nec
1016 815 1146 856 vellet
1177 831 1256 855 nec
1291 823 1456 871 posset,
1494 815 1587 872 ipse
1618 823 1769 856 contra

296 880 530 922 multorum
559 882 796 924 amicorum
832 883 1150 924 dissuasionem
1182 883 1289 924 mira
1324 882 1599 923 animositate
1629 882 1770 939 rapic-

296 949 438 1000 batur,
469 957 511 990 et
539 950 654 1006 quod
684 950 766 1007 ipsi
805 952 933 991 etiam
963 952 1146 1007 juvenes
1178 950 1436 999 horrebant,
1470 949 1630 991 estivos
1657 949 1769 1005 junii

296 1025 337 1057 ct
366 1019 538 1075 augusti
558 1018 573 1046 3
600 1018 793 1059 tolerans
822 1019 1014 1069 calores,
1046 1017 1325 1075 impatientes
1354 1018 1546 1059 calorum
1571 1017 1766 1066 deridet,

297 1100 393 1125 cum
422 1084 569 1142 sepius
599 1102 695 1127 eum
724 1086 938 1144 augustiis
959 1097 977 1114 ⁰
1004 1086 1229 1143 paludum,
1259 1085 1367 1127 locis
1396 1085 1644 1127 fortissimis
1671 1101 1770 1125 suo-

297 1168 390 1192 rum
416 1151 590 1194 lacertis
614 1154 850 1195 sustentari
872 1162 1110 1211 oporteret.
1138 1155 1270 1195 Erant
1296 1153 1339 1193 in
1368 1155 1459 1209 ejus
1485 1152 1771 1210 expedicione

296 1234 443 1261 comes
466 1230 704 1278 prepotens
726 1221 1010 1264 Flandrensis
1040 1221 1241 1271 Karohm,
1272 1237 1416 1262 comes
1442 1219 1770 1277 Andegavensis

295 1287 446 1338 Fulco,
490 1304 635 1329 comes
673 1289 914 1340 Britannie,
947 1288 1204 1330 tributarius
1246 1288 1361 1346 regis
1392 1287 1551 1345 anglici
1595 1285 1769 1328 Henrici

297 1355 350 1396 de
401 1356 667 1397 Normannia
716 1356 932 1399 exercitus
953 1357 983 1407 4,
1038 1358 1224 1397 barones
1275 1365 1316 1396 et
1364 1354 1486 1413 regni
1538 1353 1770 1411 optimates

297 1423 594 1480 quamplures,
642 1426 715 1482 qui
761 1424 889 1466 etiam
925 1424 1177 1481 Hispaniam
1211 1423 1469 1480 perdomare
1502 1421 1765 1463 sufficerent.

298 1490 533 1532 Transiens
552 1491 698 1550 itaque
717 1492 1003 1534 Alvernorum
1023 1490 1224 1533 difficiles
1246 1490 1470 1549 ingressus
1490 1499 1532 1530 et
1550 1487 1770 1530 obviantia

298 1558 492 1609 castella,
535 1559 860 1601 Claromontem
896 1558 1110 1617 pervenit.
1160 1560 1267 1600 Cum
1303 1567 1444 1599 autem
1487 1558 1683 1598 abortivo
1731 1566 1772 1597 ct

298 1627 502 1684 opposito
525 1627 688 1669 civitati
713 1636 855 1669 castro
873 1626 1036 1669 Montis
1058 1625 1268 1668 Ferranni
1283 1626 1297 1653 5
1317 1624 1555 1666 exercitum
1579 1623 1771 1681 applica-

299 1704 379 1745 ret,
411 1694 571 1736 milites
608 1695 681 1753 qui
719 1705 909 1737 castrum
951 1694 1187 1736 defendere
1225 1694 1460 1745 habebant,
1505 1694 1772 1734 Francorum

298 1762 543 1804 mirabilem
563 1762 801 1804 exercitum
823 1764 912 1804 suis
931 1762 1189 1804 dissimilem
1216 1759 1518 1811 formidantes,
1540 1759 1772 1801 loricarum

299 1838 341 1870 ct
364 1830 586 1888 galearum
609 1842 904 1888 repercussop
931 1830 1022 1872 sole
1052 1830 1334 1888 splendorem
1366 1827 1647 1878 admirantes,
1681 1826 1773 1866 solo

283 1982 284 1985 ,
338 1962 370 1981 11.
397 1954 438 1981 Le
456 1951 535 1981 re'cit
553 1951 593 1980 de
614 1950 646 1980 la
663 1949 804 1980 seconde
821 1950 1009 1990 espe'dition
1027 1960 1065 1979 en
1085 1951 1260 1991 Auvergne
1281 1960 1423 1989 memque
1441 1949 1527 1978 dans
1545 1948 1579 1978 F.

338 2005 368 2022 0.
393 1992 550 2032 angustis
569 1992 606 2023 G.

332 2046 369 2075 p.
394 2033 591 2074 reperculso
608 2033 644 2063 D.

340 2162 366 2191 ’1.
392 2161 438 2191 La
468 2161 545 2191 date
576 2160 616 2191 de
645 2164 731 2190 cette
769 2160 936 2200 premiere
970 2159 1163 2200 expedition
1199 2159 1412 2198 d‘Auvergne
1445 2162 1495 2187 est
1530 2157 1712 2192 inconnue3
1745 2157 1777 2186 la

299 2203 442 2232 seconde
461 2207 516 2232 eut
540 2202 609 2232 lieu
632 2206 735 2232 avant
752 2202 842 2237 1127,
868 2201 945 2231 date
970 2201 1010 2230 de
1030 2201 1063 2230 la
1082 2205 1170 2230 mort
1193 2200 1233 2229 de
1262 2200 1403 2229 Charles
1432 2200 1462 2229 le
1490 2199 1572 2234 Bon,
1600 2202 1708 2228 comte
1737 2198 1778 2227 dc

299 2244 456 2278 Flandrc,
478 2244 535 2284 qui
564 2255 585 2283 y
606 2244 676 2284 prit
700 2247 797 2283 part;
823 2247 917 2272 entre
940 2243 1029 2272 l'une
1047 2247 1079 2272 et
1105 2242 1225 2271 l'autre
1243 2241 1266 2271 il
1283 2241 1428 2271 s'ecoula
1447 2239 1587 2269 environ
1607 2239 1685 2279 cinq
1703 2249 1776 2269 ans.

300 2286 333 2315 Si
352 2285 418 2315 l'on
437 2285 514 2315 date
541 2285 572 2314 la
593 2285 735 2314 seconde
757 2284 796 2313 dc
816 2285 904 2319 1126,
925 2284 957 2313 la
975 2284 1143 2324 premi'cre
1162 2294 1196 2312 se
1223 2287 1382 2312 trouvcra
1406 2283 1560 2322 repom-e
1575 2283 1595 2310 ἐι
1618 2280 1683 2309 1’.ἰη
1700 2281 1775 2309 1121

298 2337 340 2356 ου
361 2327 449 2356 1122.

340 2369 367 2397 2.
395 2367 652 2397 Sous--entendu
666 2377 754 2407 pa.r;
772 2377 807 2396 ce
823 2371 893 2396 mot
908 2371 957 2396 est
971 2366 1121 2406 exprime
1140 2377 1183 2395 un
1200 2376 1263 2406 peu
1283 2365 1360 2405 plus
1376 2364 1470 2394 haut.

341 2410 369 2439 3.
395 2409 583 2438 Indication
605 2412 625 2438 ἐι
643 2413 738 2438 noter
754 2419 841 2448 pour
855 2409 887 2438 la
905 2408 982 2437 date
995 2408 1035 2436 de
1050 2407 1279 2447 l'expedition.

338 2451 367 2480 li.
394 2451 436 2479 Ge
460 2450 517 2490 qui
535 2460 663 2489 prouvc
688 2460 751 2489 que
773 2453 858 2478 cette
879 2459 1068 2488 cainpagne
1088 2459 1126 2478 en
1152 2450 1329 2488 Auvcrgne
1350 2451 1401 2476 est
1422 2445 1631 2486 posterieure
1649 2448 1668 2474 a
1689 2445 1777 2477 1124,

299 2491 375 2520 date
394 2491 453 2520 des
468 2491 642 2520 dormitu-es
658 2490 827 2520 hostilites
843 2494 936 2519 entre
953 2491 982 2519 le
1001 2490 1051 2519 roi
1064 2490 1103 2519 de
1120 2490 1246 2519 Franco
1263 2493 1295 2518 et
1309 2489 1394 2518 celui
1415 2487 1657 2526 d⁷A11gleterre.

340 2535 366 2562 5.
395 2532 487 2561 Cette
511 2532 709 2572 expression
734 2536 785 2561 est
813 2531 948 2560 difficile
972 2534 992 2560 a
1019 2531 1212 2571 expliquer;
1239 2528 1471 2559 t'lontferrand
1497 2530 1589 2557 etant
1613 2538 1654 2556 au
1675 2527 1778 2557 nord-

299 2577 351 2603 est
373 2574 412 2603 dc
435 2573 625 2608 Clermont,
653 2583 695 2602 on
719 2577 800 2613 peut
821 2572 973 2601 traduire
1001 2582 1081 2601 avec
1105 2572 1154 2601 les
1179 2571 1394 2601 Bene-dictim
1419 2579 1550 2600 comme
1575 2568 1627 2598 s‘il
1647 2579 1668 2608 y
1686 2567 1778 2598 avait

300 2614 342 2643 ab
357 2614 500 2647 oriente2
517 2614 603 2643 mais
618 2618 703 2644 cette
718 2614 923 2654 explication
940 2624 1024 2643 nous
1041 2616 1155 2653 parait
1166 2623 1231 2653 peu
1247 2612 1488 2641 satisfaisantc.
1505 2611 1550 2640 Ne
1565 2609 1777 2650 pourrait—on

299 2666 320 2695 y
333 2656 406 2686 voir
421 2666 466 2685 un
483 2660 588 2685 terme
607 2655 647 2684 de
662 2656 808 2695 mepris:
825 2654 995 2684 abortivus
1012 2659 1092 2684 veut
1104 2654 1177 2683 dire
1191 2657 1340 2685 avorton.
1358 2656 1398 2681 ne'
1412 2654 1514 2681 avant
1530 2656 1642 2682 terme,
1657 2655 1699 2685 et,
1716 2660 1778 2690 par

302 2697 488 2729 extension,
506 2696 692 2726 miserable.
