1846 3184
667 174 738 204 VIE
762 174 816 204 DE
841 173 971 204 LOUIS
995 174 1046 204 LE
1072 173 1184 204 GROS
1629 175 1668 205 29

183 256 364 296 Romam
411 251 555 294 tendit
577 251 606 301 f,
658 252 767 292 mire
808 251 971 292 callens
1011 267 1163 307 pacem
1203 249 1401 301 simulat,
1442 251 1665 307 querelam

182 320 539 363 investiturarum
572 318 773 375 deponit,
802 318 937 358 multa
967 326 1010 358 et
1036 319 1117 358 hec
1152 327 1195 358 et
1224 317 1306 358 alia
1338 319 1453 359 bona
1482 318 1668 375 pollice-

182 397 267 436 tur,
292 396 335 429 et
357 396 403 428 ut
426 388 578 428 urbem
608 385 899 443 ingrediatur,
933 384 1034 441 quia
1057 385 1183 425 aliter
1205 401 1291 425 non
1322 393 1509 442 poterat,
1541 386 1667 426 blan-

181 455 315 506 ditur,
350 471 430 496 nec
463 454 612 495 fallere
645 469 860 494 summum
892 452 1147 509 pontificem
1176 461 1219 493 et
1246 461 1381 494 totam
1416 452 1666 503 eeclesiam,

180 524 313 564 immo
336 524 520 580 ipsumsy
544 523 707 579 Regem
736 537 887 579 regum
909 528 1097 560 veretur.
1126 520 1270 571 Unde,
1303 521 1402 576 quia
1431 520 1672 561 audiebant

180 598 345 630 tantam
383 597 425 630 et
457 597 543 629 tam
575 587 869 645 perniciosam
908 587 1095 628 ecclesie
1129 586 1209 628 Dei
1251 587 1439 643 sopitam
1473 588 1672 644 questio-

182 673 281 698 nem
302 672 431 713 ,equo
448 665 521 696 aut
542 656 640 712 plus
661 672 773 713 equo
797 654 981 696 Romani
1002 654 1187 711 quirites
1206 653 1226 682 ll
1248 653 1507 711 tripudiant,
1528 656 1671 696 clerus

183 723 417 782 supremel'
453 724 632 773 exultat,
670 731 713 764 et
737 723 960 779 quomodo
992 738 1090 763 eum
1124 720 1490 763 honorificentius
1514 731 1557 763 et
1582 723 1671 763 ele-

181 791 441 850 gantissime
468 791 684 847 recipiant
715 789 942 831 exhilarati
968 789 1211 830 decertant.
1242 790 1441 845 Cumque
1466 790 1671 831 dominus

182 875 295 916 papa
320 858 629 916 episcoporum
657 866 699 898 et
721 856 1009 898 cardinalium
1035 865 1184 914 togata
1211 873 1311 899 cum
1333 857 1499 913 opertis
1519 857 1540 897 J'
1561 857 1672 899 albis

182 926 402 983 operturis
455 927 579 983 equis
622 926 896 981 constipatus
942 933 1110 973 turma,
1162 925 1460 981 subsequente
1507 926 1673 982 populo

184 996 394 1044 RomanO,
434 1010 668 1035 occurrere
691 993 974 1042 acceleraret,
1006 992 1235 1049 premissis
1264 992 1337 1049 qui
1369 994 1497 1033 tactis
1526 1009 1675 1034 sacro-

182 1061 346 1103 sanctis
374 1060 643 1119 euvangeliis
673 1062 726 1101 ab
749 1060 903 1101 eodem
927 1060 1193 1116 imperatore
1211 1062 1509 1115 juramentum
1532 1060 1671 1117 pacis,

180 1128 538 1170 investiturarum
570 1127 895 1185 depositionem
928 1128 1222 1184 susciperent,
1254 1127 1299 1167 in
1331 1143 1382 1168 eo
1411 1127 1484 1184 qui
1514 1128 1674 1169 dicitur

180 1198 309 1239 Mons
339 1196 497 1239 Gaudii
525 1197 533 1224 ¹
558 1196 671 1245 loco,
703 1195 777 1236 ubi
802 1195 989 1252 primuni
1013 1194 1352 1236 adventantibus
1375 1194 1525 1235 limina
1552 1211 1673 1252 apos-

182 1265 371 1306 tolorum
401 1265 630 1304 beatorum
660 1263 748 1303 visa
780 1270 1036 1313 occurrunt,
1066 1262 1258 1320 idipsum
1284 1262 1483 1311 iteratur,
1512 1262 1553 1302 in
1578 1279 1676 1319 por—

182 1333 271 1373 ticu
303 1348 424 1382 vero,
463 1331 669 1372 inirabilii
705 1339 748 1371 et
782 1330 1018 1371 universali
1065 1332 1362 1372 Romanorum
1402 1330 1670 1386 spectaculo,

182 1416 312 1441 manu
351 1400 531 1457 propria
570 1398 849 1456 imperatoris
887 1406 929 1439 et
966 1398 1227 1455 optimatum
1267 1397 1517 1455 triplicatur
1554 1400 1676 1454 jura-

182 1476 394 1509 mentum.
424 1467 592 1508 Exinde
618 1466 790 1507 infinite
816 1466 1009 1507 nobilius
1036 1482 1165 1522 quam
1192 1467 1227 1507 si
1250 1465 1472 1506 Affrieana
1494 1465 1677 1507 victoria

182 1535 323 1593 potito
343 1536 360 1564 ss
380 1552 504 1576 arcus
527 1534 835 1592 triumphalisl
863 1533 1093 1584 arrideret,
1123 1550 1220 1574 cum
1240 1533 1414 1590 hymnis
1436 1541 1478 1574 et
1498 1533 1675 1575 laudum

183 1602 418 1660 multiplici
442 1602 684 1659 triumpho,
715 1601 883 1643 domini
911 1618 1024 1658 pape
1051 1617 1180 1642 manu
1211 1601 1504 1642 sacratissima
1530 1601 1677 1642 ‹liade-

184 1679 298 1712 mate
351 1678 588 1711 coronatur
638 1686 758 1710 more
804 1669 1104 1727 Augustorum
1124 1670 1164 1720 ’3,
1222 1670 1274 1710 ad
1331 1669 1676 1710 sacratissimum

183 1738 483 1795 apostolorum
522 1738 672 1787 altare,
703 1736 1029 1794 preeinentiuni
1067 1737 1328 1778 clericorum
1365 1737 1461 1778 odis
1500 1746 1542 1778 et
1574 1737 1678 1778 Ale-

184 1821 445 1846 mannoruin
479 1805 758 1846 cantancium
786 1804 974 1846 terribili
1014 1805 1205 1845 elamore
1240 1805 1357 1846 celos
1394 1814 1673 1862 penetrante,

184 1873 472 1914 celeberrima
504 1882 545 1913 ct
583 1872 817 1930 sollempni
847 1872 1082 1913 devotione
1114 1872 1363 1913 deducitur.
1399 1873 1506 1913 Cum
1544 1872 1679 1929 igitur

184 1940 390 1982 dominus
423 1956 552 1997 papa,
584 1940 739 1981 missas
768 1939 1007 1998 gratiarum
1040 1956 1198 1997 agens,
1237 1957 1397 1998 corpus
1429 1949 1471 1981 et
1499 1940 1679 1997 sangui-

223 2060 247 2099 fi
274 2060 395 2091 tendit.
417 2059 556 2089 Pontem
576 2059 762 2089 tremulum
782 2059 936 2088 turribus
961 2063 993 2088 et
1019 2058 1126 2088 muris
1146 2059 1245 2088 valde
1270 2059 1451 2093 munitum,
1472 2058 1528 2098 qui
1551 2059 1679 2088 transi—

184 2105 257 2130 tum
292 2100 453 2130 exereitui
487 2101 713 2140 prohibebat,
746 2100 957 2140 expugnavit
986 2104 1018 2129 et
1048 2100 1227 2130 destruxit.
1260 2100 1388 2130 Deinde
1424 2111 1485 2140 per
1518 2101 1679 2129 Tusciam

184 2142 374 2182 procedens
394 2153 501 2181 usque
522 2143 563 2171 ad
587 2142 751 2175 Aretium,
772 2142 947 2171 civitatem
974 2142 1087 2181 ips-ani
1112 2142 1291 2179 destruxit,
1319 2152 1357 2171 eo
1378 2142 1467 2181 qnod
1493 2141 1584 2170 vives
1606 2142 1679 2181 ejus

185 2184 364 2213 ecclesiam
382 2183 496 2212 Sancti
515 2183 648 2217 Donati,
666 2183 767 2212 idest
782 2183 1008 2223 episcopium,
1025 2183 1114 2223 quod
1132 2187 1183 2212 est
1197 2188 1291 2213 extra
1304 2183 1490 2217 civitatem,
1507 2183 1680 2212 destruxe-

186 2229 274 2259 rant,
296 2225 411 2254 sedem
430 2225 524 2254 illam
544 2225 633 2253 inl'ra
652 2225 764 2254 menia
786 2236 847 2254 sua
870 2235 996 2264 ponere
1014 2224 1203 2264 cupientes.
1224 2225 1376 2264 Cumque
1395 2226 1537 2254 Roman}
1557 2235 1679 2264 perve-

185 2266 305 2298 nisset,
326 2266 410 2295 mire
430 2266 464 2295 F.

223 2318 258 2347 g.
285 2307 462 2337 Christum
478 2318 594 2347 regem
615 2308 648 2336 F.

228 2348 258 2378 h.
284 2349 415 2388 equites
433 2350 470 2379 (ὲ.

229 2389 248 2419 ἰ.
277 2401 408 2419 summe
425 2390 459 2425 (J,
478 2390 515 2419 E.

222 2431 251 2471 j.
278 2431 407 2471 apertis
424 2431 459 2459 Β.

227 2472 257 2501 lt.
284 2473 394 2512 potita
413 2472 448 2502 C.

230 2513 250 2542 l.
275 2525 375 2542 arcus
397 2513 618 2553 triumphalis
638 2512 729 2542 (lectt
749 2514 782 2542 F.

232 2650 259 2679 1.
285 2650 375 2679 Nous
394 2650 559 2688 ignorons
578 2651 607 2679 le
623 2662 700 2680 nom
718 2651 827 2679 aeine}
846 2650 886 2679 (le
903 2655 989 2680 cette
1007 2651 1141 2680 collino.
1158 2668 1197 2672 —
1213 2651 1363 2679 L'enlree
1381 2651 1420 2679 (le
1441 2651 1643 2690 l'enipereur
1662 2653 1680 2679 ξι

188 2692 293 2721 Rome
309 2695 341 2720 et
359 2691 588 2721 l'arrestntion
608 2692 653 2721 (lu
677 2702 763 2731 pape
782 2692 899 2721 (latent
913 2692 957 2721 (lu
975 2693 1011 2720 ‘12
1034 2693 1158 2721 sevrier
1176 2693 1187 2721 'l
1203 2693 1228 2721 ll
1244 2693 1266 2721 l.

232 2733 260 2762 2.
286 2732 329 2762 Le
347 2738 614 2763 couronneinent
633 2734 770 2762 d‘llenri
789 2734 812 2761 V
830 2734 919 2762 n'eut
935 2734 1002 2762 lien
1019 2744 1083 2773 que
1102 2734 1131 2762 le
1152 2734 1184 2763 133
1204 2745 1238 2763 ax
1251 2734 1290 2762 ril
1311 2733 1457 2763 suivant.
