1846 3184
894 154 1035 186 SUGER

227 254 248 275 «
286 251 470 291 cumque
499 242 726 275 contractu
762 241 858 274 uter
893 240 1082 273 vestrum
1117 232 1316 288 optinere
1349 239 1513 286 posset,
1552 239 1703 271 neuter

227 320 247 341 «
285 303 488 352 haberet,
523 317 620 342 cum
652 300 762 341 infra
792 299 1081 358 quadraginta
1111 297 1376 355 receptionis
1404 297 1497 338 dies
1529 314 1703 354 posses-

227 388 246 408 «
284 386 370 418 sor,
404 368 518 425 pacti
553 369 782 421 obnoxius,
822 367 915 425 ipsa
948 367 1127 408 castella
1155 365 1349 407 funditus
1376 366 1649 405 subverteret
1668 376 1697 405 ι’.

226 455 246 476 «
285 437 411 490 Quod
441 436 542 493 quia
571 452 657 477 non
683 435 864 486 fecistis,
892 434 1084 492 precipit
1114 451 1187 475 rex
1213 442 1298 474 etW
1329 442 1373 474 ut
1400 433 1542 473 adhuc
1574 432 1702 473 faeia-

226 524 243 545 «
281 505 353 555 tis,
388 513 429 545 et
464 520 549 544 non
589 504 749 545 sactum
784 504 879 561 lege
917 502 1183 559 competenti
1218 502 1475 542 emendetis.
1508 500 1702 541 Dedecet

224 591 243 611 «
281 572 395 613 enim
422 588 569 629 regem
589 570 838 629 transgredi
862 570 1021 627 legem,
1047 586 1143 610 cum
1167 577 1209 610 ct
1222 580 1244 597 's
1266 585 1339 609 rex
1364 576 1405 609 et
1429 568 1496 608 lex
1519 567 1701 608 candem

224 660 242 677 «
280 638 526 697 imperandi
565 638 787 695 excipiant
825 639 1111 693 majestatem.
1159 636 1286 689 Quod
1327 635 1361 676 si
1402 635 1506 692 quid
1546 636 1699 676 horum

224 726 243 747 ‹<
278 715 490 749 vestrates
539 714 612 747 aut
666 704 1001 747 dedidicerinty
1061 712 1133 744 aut
1181 703 1328 744 dicere
1381 702 1700 743 dissimulando

223 794 243 813 «
280 773 517 824 noluerint,
548 773 679 830 pleno
705 773 889 814 duorum
920 780 991 812 aut
1019 770 1149 812 trium
1180 771 1434 811 testimonio
1467 771 1698 819 baronum,

223 861 242 883 a
280 843 376 901 lege
418 841 570 892 duelli,
618 841 757 899 parati
801 856 949 882 sumus
991 839 1251 896 approbare.
1292 856 1311 876 »
1354 837 1551 879 Necdum
1599 835 1701 876 1115Ξ

221 909 406 968 expletis
444 909 496 950 ad
534 925 682 966 regem
721 909 879 950 Franci
921 906 1167 957 redierant,
1211 921 1307 946 cum
1344 905 1584 947 Normanni
1627 920 1701 944 eos

222 985 580 1034 consequentesa
640 977 731 1034 regi
781 975 1017 1024 assistunt,
1071 972 1282 1030 quicquid
1335 989 1507 1014 causam
1553 972 1701 1013 ledere

222 1054 394 1103 poterat
417 1043 714 1085 inverecunde
733 1042 972 1084 diffitentes
993 1041 1026 1093 b,
1044 1040 1278 1098 judiciario
1305 1040 1459 1082 ordine
1479 1041 1700 1098 querelam

222 1113 376 1172 agitari
404 1111 696 1169 postulantes,
728 1126 824 1152 cum
859 1108 995 1150 nichil
1030 1107 1147 1149 aliud
1179 1109 1388 1166 precipue
1423 1109 1701 1149 attenderent

222 1198 350 1239 qnam
377 1180 509 1237 quod,
539 1179 701 1220 infecto
724 1178 935 1234 imparate
955 1188 970 1205 ⁶
996 1175 1180 1217 actionis
1205 1177 1400 1234 negotio,
1428 1192 1703 1232 quacumque

220 1249 430 1291 dilatione
459 1255 680 1288 tantorum
709 1246 834 1304 regni
863 1245 1121 1302 optimatum
1153 1243 1410 1285 discretioni
1447 1243 1507 1285 rei
1542 1245 1701 1284 veritas

221 1334 308 1359 non
345 1324 529 1374 pateret.
579 1313 879 1356 Remittuntur
921 1329 1018 1354 011111
1061 1312 1122 1353 eis
1164 1311 1318 1369 primis
1362 1311 1579 1369 potiores,
1628 1310 1698 1369 qui

219 1386 348 1427 etiam
394 1400 472 1441 per
511 1383 715 1424 comitem
754 1381 1070 1423 Flandrensem
1110 1381 1351 1422 Robertum
1388 1379 1700 1421 Ierosolimita-

219 1469 338 1503 num,
380 1450 651 1509 palestritam
688 1449 928 1507 egregium,
973 1464 1063 1489 rem
1096 1447 1321 1489 verificare
1353 1448 1560 1489 audacter
1593 1448 1700 1489 offe-

219 1529 331 1571 rant,
377 1528 419 1560 et
455 1519 552 1576 lege
592 1517 726 1558 duelli
763 1517 997 1557 verborum
1030 1514 1413 1574 exaggerationem
1449 1516 1697 1565 refutando,

218 1588 285 1630 eui
325 1586 505 1645 justicia
541 1586 698 1627 cedere
736 1584 932 1626 debeatd
964 1583 1245 1642 confligendo
1278 1584 1475 1641 aperiant
1494 1595 1526 1628 0.
1571 1584 1698 1638 Quod

217 1673 314 1698 cum
347 1672 427 1696 nec
458 1655 781 1711 approbassent
809 1669 889 1694 nec
918 1651 1233 1693 convenienter
1259 1653 1593 1709 reprobassent,
1625 1668 1699 1693 rex

219 1724 479 1772 Ludovicus,
514 1730 560 1762 ut
585 1729 678 1762 erat
706 1719 1011 1778 magnanimus
1046 1728 1088 1760 et
1125 1720 1268 1760 animo
1304 1728 1346 1760 et
1380 1736 1563 1776 corpore
1595 1736 1697 1777 pro-

217 1808 358 1839 cerus,
391 1789 602 1832 citissime
625 1788 776 1846 dirigit
799 1788 872 1845 qui
897 1789 988 1845 regi
1009 1788 1092 1828 hoc
1114 1787 1385 1845 disjungant,
1412 1796 1484 1828 aut
1508 1796 1697 1828 castrum

217 1860 470 1900 subvertere
501 1865 574 1898 aut
607 1856 661 1897 de
683 1856 818 1897 fracte
841 1854 941 1897 fidei
962 1855 1145 1912 perfidia
1167 1863 1320 1896 contra
1340 1872 1383 1897 se
1407 1855 1699 1912 personaliter

216 1927 453 1968 defendere
478 1942 484 1965 :
519 1926 669 1982 «Age,
696 1923 925 1981 inquiens,
955 1924 1048 1978 ejus
1073 1923 1207 1964 debet
1235 1924 1563 1981 congressionis
1602 1939 1697 1964 esse

218 2014 237 2033 «
275 2010 404 2051 pena,
433 1995 555 2049 cujus
580 1992 669 2033 veri
696 1999 739 2032 et
764 1991 946 2032 victorie
975 1990 1108 2032 debet
1132 2007 1227 2032 esse
1259 1999 1301 2032 et
1321 1991 1474 2049 gloria.
1515 2008 1535 2029 ))
1566 1990 1696 2032 Arbi-

216 2071 353 2103 tratus
379 2061 508 2102 etiam
531 2060 584 2101 de
610 2060 707 2100 loco
736 2058 947 2116 quicquid
971 2058 1200 2100 decentius
1223 2060 1240 2098 s
1265 2058 1409 2115 potuit
1434 2076 1440 2098 :
1475 2076 1494 2097 «
1533 2060 1696 2100 Succe-

217 2150 236 2170 «
273 2130 397 2180 110ῒὲ,
429 2127 588 2186 inquit,
617 2143 766 2169 eorum
788 2126 1005 2168 exercitus
1029 2143 1050 2167 a
1076 2126 1169 2183 ripa
1193 2125 1400 2177 fluminis,
1430 2126 1532 2167 dum
1558 2134 1695 2167 trans-

256 2254 282 2271 v.
309 2243 476 2271 everteret
497 2239 530 2268 F.

255 2295 295 2313 on
321 2286 353 2311 et
370 2282 461 2310 deest
479 2281 513 2309 C.

252 2336 285 2354 m
311 2327 344 2353 et
359 2323 451 2351 deest
469 2322 506 2351 B.

252 2377 285 2405 y.
312 2362 504 2394 dedixerint
522 2362 558 2404 B?

253 2419 280 2437 z.
307 2406 360 2435 his
378 2405 468 2434 deest
486 2404 523 2438 D,
541 2403 582 2432 C.

253 2460 285 2477 a.
311 2447 529 2486 insequentes
548 2443 585 2473 Β.

254 2490 281 2518 b.
309 2487 500 2517 diffidentes
519 2485 554 2521 C,
575 2485 618 2521 F;
638 2483 834 2514 differentes
851 2485 888 2516 G.

252 2542 278 2560 c.
305 2533 423 2569 parate
443 2528 478 2556 B.

252 2571 284 2601 d.
310 2570 450 2599 deberet
465 2568 503 2599 G.

251 2624 277 2642 e.
304 2614 495 2651 appareant
508 2609 543 2637 F.

249 2656 274 2694 s.
301 2652 457 2683 conscius
473 2651 509 2679 C.

249 2707 280 2733 g.
308 2693 463 2724 seeeedat
480 2692 524 2723 D:
546 2690 680 2720 secedat
699 2690 731 2719 C.
754 2692 858 2732 Suger
875 2701 895 2719 α
914 2689 1151 2720 certailzement
1167 2690 1246 2720 e‘crit
1267 2691 1436 2729 succedat,
1458 2692 1542 2722 mais
1559 2703 1597 2723 en
1617 2702 1689 2723 σοπ-

208 2728 351 2776 suizclanc
371 2746 405 2763 ce
420 2736 485 2763 mot
504 2744 582 2762 avec
600 2731 746 2761 secedat.

1839 2479 1845 2508 ....
1830 2351 1846 2471 „nm—..J
1842 2302 1846 2350 -.-
1843 2263 1846 2290 ,,.
1839 2213 1846 2255 ,4.
1843 2201 1846 2205 .
1841 2157 1846 2165 .
