1846 3184
270 149 328 179 102
937 147 1078 179 SUGER

269 234 471 282 ponatur,
511 242 561 265 eo
603 232 807 281 presente
841 224 887 265 fit
924 233 1009 265 tam
1042 224 1234 281 gloriose
1273 241 1401 282 quam
1442 226 1612 267 devote.
1650 228 1741 269 Rex

271 302 410 334 autem
455 292 657 333 vexillum
708 294 759 333 ab
807 292 929 333 altari
977 292 1221 349 suscipiens
1265 293 1382 349 quod
1433 293 1486 334 de
1533 294 1740 335 comitatu

269 361 518 410 Vilcassini,
557 377 642 417 quo
674 360 726 400 ad
767 360 996 401 ecclesiam
1032 361 1228 401 feodatus
1257 369 1344 411 est,
1386 369 1569 417 spectat,
1600 362 1739 402 votive

269 437 474 484 tanquam
517 444 537 468 a
574 427 752 468 domino
787 444 863 469 suo
897 427 1201 484 suscipicns1,
1246 445 1380 485 pauca
1423 445 1549 469 manu
1590 437 1740 469 contra

269 498 433 545 hostes,
484 504 529 537 ut
575 495 657 536 sibi
698 495 939 552 provideat,
990 496 1145 545 evolat,
1198 504 1244 536 ut
1288 512 1384 537 eum
1424 504 1512 537 tota
1556 496 1739 537 Francia

269 572 476 620 sequatur
502 572 706 620 potenter
731 563 897 604 invitat.
934 563 1164 619 Indignata
1187 563 1320 620 igitur
1344 563 1533 604 hostium
1557 563 1739 605 inusita-

268 640 352 672 tam
391 631 614 672 audaciam
650 633 807 672 usitata
853 630 1036 672 Francie
1081 630 1356 682 animositas,
1399 631 1739 688 circumquaque

268 715 444 740 movens
474 699 700 740 militarem
731 700 966 749 delectum,
1002 699 1114 740 vires
1145 707 1187 739 ct
1212 698 1326 739 viros
1353 699 1536 756 pristine
1568 699 1740 740 virtutis

268 776 309 808 et
361 768 637 824 antiquarum
685 784 899 808 memores
946 766 1224 807 victoriarum
1271 766 1459 825 delegat.
1511 766 1593 820 Qui
1643 783 1739 808 cum

269 835 415 878 Remis
441 835 747 892 undecumque
770 843 975 892 potenter
999 834 1371 885 convenissemus,
1399 843 1516 875 tante
1541 834 1740 876 militaris

268 912 310 944 ct
361 902 578 960 pedestris
628 902 876 944 exereitusl
915 902 1040 960 copie
1077 903 1374 959 apparebant,
1407 911 1452 944 ut
1487 902 1742 944 viderentur

270 970 536 1028 superfitiem
560 979 675 1013 terre
703 987 821 1011 more
844 971 1108 1012 locustarum
1132 987 1217 1012 non
1244 979 1410 1011 tantum
1437 987 1561 1012 secus
1589 971 1742 1013 decur-

268 1056 339 1080 sus
371 1055 600 1096 aquarum,
644 1039 719 1080 scd
757 1038 885 1080 etiam
926 1039 1144 1079 montanis
1181 1047 1223 1079 ct
1263 1038 1443 1095 planitie
1477 1039 1685 1080 devorare
1705 1040 1735 1080 2.

266 1107 349 1148 Ubi
378 1122 474 1147 cum
500 1122 574 1146 rex
602 1105 855 1147 continuata
889 1107 1130 1162 septimana
1159 1105 1532 1147 Theutonicorum
1566 1115 1738 1164 presto-

266 1175 428 1215 laretur
467 1173 706 1225 incursum,
745 1174 820 1215 tali
864 1173 978 1214 inter
1013 1174 1137 1231 regni
1174 1190 1379 1230 proceres
1419 1174 1738 1215 deliberatione

267 1258 334 1283 res
363 1242 681 1299 disponebatur
718 1259 724 1282 :
773 1260 794 1281 «
830 1244 1142 1292 TranseamuS,
1179 1241 1408 1299 inquiunt,
1446 1242 1651 1282 audacter
1686 1241 1739 1283 ad

269 1328 289 1349 «
326 1326 416 1360 ους,
463 1326 517 1350 ne
561 1310 794 1351 redeuntes
840 1309 1018 1366 impune
1067 1309 1223 1361 serant,
1277 1309 1394 1366 quod
1443 1309 1486 1350 in
1526 1318 1739 1350 terrarum

270 1395 289 1415 «
327 1376 546 1417 dominam
597 1378 822 1418 Franciam
873 1377 1061 1432 superbe
1105 1386 1484 1433 presumpserunt.
1532 1376 1741 1418 Senciant

270 1465 287 1483 «
326 1444 600 1486 contumacic
629 1462 704 1486 sue
727 1445 945 1493 meritum,
977 1461 1063 1484 non
1093 1445 1135 1484 in
1166 1452 1313 1485 nostra
1337 1445 1412 1486 sed
1441 1446 1483 1486 in
1507 1453 1620 1485 terra
1647 1461 1737 1495 sua,

270 1532 289 1552 «
326 1530 408 1569 que
452 1515 549 1569 jure
606 1512 727 1571 regio
783 1514 1050 1554 Francorum
1101 1512 1281 1553 Francis
1332 1528 1433 1569 sepe
1495 1512 1741 1570 perdomita

271 1600 287 1619 ι(
328 1582 522 1636 subjacet
540 1592 586 1631 ⁷⁷1,
630 1589 676 1621 ut
714 1580 831 1637 quod
868 1579 951 1636 ipsi
986 1579 1130 1620 furtim
1171 1579 1215 1620 in
1259 1596 1337 1621 nos
1377 1580 1742 1622 machinabantur

271 1668 278 1686 (

281 1667 289 1687 Α

328 1657 580 1705 atemptare,
621 1665 699 1689 nos
734 1648 777 1687 in
817 1664 890 1687 eos
919 1663 1063 1688 coram
1104 1656 1448 1705 retorqueamus
1487 1666 1508 1688 >³
1544 1648 1740 1690 Aliorum

270 1725 410 1757 autem
437 1716 576 1773 perita
602 1715 809 1757 severitas
840 1716 1134 1772 persuadebat
1164 1732 1237 1756 eos
1267 1715 1465 1757 diutiusn
1492 1725 1739 1774 expectare,

270 1785 490 1842 ingressos
520 1783 710 1824 marchie
742 1784 867 1833 fines,
898 1800 994 1824 cum
1018 1785 1105 1839 jam
1142 1783 1291 1841 fugere
1317 1785 1551 1842 intercepti
1586 1783 1741 1841 nequi-

270 1861 381 1902 rent,
421 1860 692 1909 expugnatos
729 1859 1023 1908 prosternere,
1068 1860 1275 1908 tanquam
1313 1853 1578 1893 Sarracenos
1612 1852 1742 1892 inmi-

269 1919 551 1961 sericorditer
576 1919 816 1964 trucidare,
847 1919 1071 1960 inhumata
1100 1920 1383 1961 barbarorum
1414 1936 1597 1977 corpora
1627 1919 1741 1977 lupis

270 1996 311 2028 et
332 1988 471 2029 corvis
495 1987 546 2028 ad
569 2004 717 2028 corum
739 1988 1023 2044 perhcmnem
1040 1987 1325 2044 ignominiam
1346 2004 1580 2045 exponere,
1603 1996 1741 2029 tanto-

270 2075 362 2100 rum
390 2057 729 2099 homicidiorum
761 2066 803 2098 et
831 2057 1102 2099 crudelitatis
1127 2074 1301 2099 causam
1333 2067 1448 2100 terre
1487 2075 1562 2100 suc
1591 2059 1743 2101 defen-

311 2170 331 2199 Ι.
359 2173 398 2199 Le
422 2173 487 2198 mot
503 2169 669 2198 exereitus
689 2172 736 2198 est
754 2169 834 2198 ecrit
852 2180 895 2199 (zu
914 2168 1029 2199 (lessus
1046 2169 1086 2198 tle
1101 2168 1132 2198 la
1152 2168 1239 2209 ligne
1256 2168 1342 2199 dans
1362 2171 1398 2200 A.

311 2224 350 2242 m.
379 2211 570 2250 subjaceret.
587 2211 621 2240 D.

310 2264 342 2283 11,
368 2253 425 2282 (liu
445 2252 481 2282 G.

308 2390 336 2418 ‘l.
363 2389 421 2419 (let
449 2389 611 2418 etendard
642 2394 693 2418 est
724 2390 753 2418 lc
784 2390 916 2419 celebre
942 2389 1150 2425 orissamme;
1179 2401 1220 2419 on
1250 2393 1410 2419 trouvera
1439 2393 1524 2419 cette
1554 2390 1742 2419 ceremonie

269 2433 449 2471 rapportee
474 2441 620 2470 presque
638 2431 723 2459 dans
742 2431 790 2459 les
810 2433 935 2460 memes
955 2435 1080 2460 termes
1099 2431 1184 2460 dans
1199 2431 1229 2460 le
1247 2431 1396 2471 diplomc
1420 2431 1460 2460 de
1486 2431 1587 2460 Louis
1606 2431 1658 2466 VI,
1679 2431 1743 2461 cite

268 2473 346 2512 plns
360 2472 437 2501 loin.
456 2472 501 2500 La
518 2472 594 2511 plus
609 2472 772 2501 ancienne
787 2472 997 2512 description
1010 2472 1049 2501 dc
1068 2473 1280 2501 l'orissamme
1296 2483 1330 2501 se
1343 2476 1461 2502 trouve
1477 2472 1561 2501 dans
1577 2472 1741 2512 quelques

268 2525 343 2543 vers
369 2514 409 2542 (le
435 2513 467 2541 la
491 2512 678 2552 l’ln'lippicle
703 2513 742 2541 de
771 2513 963 2543 Guillaume
990 2514 1020 2543 le
1044 2514 1179 2547 Breton,
1207 2518 1348 2543 souvcnt
1364 2513 1447 2542 cites
1465 2513 1500 2552 (l.
1522 2514 1582 2553 ka
1612 2514 1710 2543 32-39
1733 2524 1739 2549 ;

265 2554 377 2583 ‹ff-tait
394 2557 413 2583 ἐι
438 2554 593 2593 l'origine
621 2555 652 2583 la
680 2554 841 2583 bannicre
868 2554 927 2583 des
951 2559 1078 2585 comtes
1105 2555 1149 2584 du
1180 2555 1294 2591 Vexin,
1320 2557 1444 2585 avoues
1471 2558 1504 2584 et
1530 2565 1677 2584 vassaux
1724 2565 1740 2583 e

267 2596 421 2635 l'abbaye
439 2595 479 2624 dc
498 2595 730 2625 saint-Denis.

305 2640 332 2666 2.
359 2637 408 2665 On
435 2637 503 2665 fera
529 2636 603 2665 bien
631 2637 671 2665 dc
695 2646 874 2676 comparer
900 2641 973 2666 tout
1001 2648 1036 2666 ce
1065 2637 1147 2666 recit
1175 2637 1215 2666 de
1238 2636 1417 2667 I'invasion
1442 2637 1483 2667 de
1507 2637 1585 2666 1124
1609 2647 1689 2666 avec
1708 2637 1739 2666 la

264 2678 434 2707 redaction
452 2677 496 2707 du
515 2678 703 2707 manuscrit
725 2678 757 2711 F,
783 2677 839 2717 qni
859 2680 1016 2717 presente
1035 2678 1075 2707 de
1095 2679 1316 2708 nombrenses
1334 2678 1532 2708 differeuces
1553 2678 1593 2707 de
1611 2678 1737 2714 de'tail;

260 2729 300 2748 on
319 2719 347 2747 le
367 2723 525 2748 lrouvera
540 2722 559 2747 a
577 2719 610 2748 la
628 2719 715 2748 suite
734 2719 778 2747 (ln
796 2723 885 2748 texte
903 2719 943 2748 dc
963 2720 1085 2759 Sugcr.
