1846 3184
290 133 348 162 160
926 129 1127 160 HISTOIRE

287 210 569 261 vizeliacum,
606 207 836 250 ecclesiam
867 208 911 249 in
941 208 1109 249 honore
1141 213 1290 248 sancte
1318 206 1469 247 Crucis
1501 206 1761 257 construxit,

288 277 333 318 in
370 293 498 334 quam
534 276 698 334 populo
738 275 824 317 fide
858 283 1015 317 rectas*
1047 273 1336 317 conveniente
1376 272 1589 315 Dominus
1630 272 1763 314 multa

289 345 493 386 miracula
521 352 726 402 operatus
752 344 860 386 est1.

579 457 684 508 [XL]
720 455 939 512 Quamdiu
968 470 1046 494 rex
1073 469 1240 494 crucem
1261 456 1465 510 portavit.

342 551 522 600 Interim
552 575 625 600 rex
656 557 901 600 Ludovicus
927 565 1019 598 toto
1050 572 1181 608 anno,
1212 572 1235 597 a
1262 555 1425 613 pascali
1454 554 1762 612 solempnitate

283 644 366 685 qua
388 643 562 668 crucem
590 626 761 684 accepit
781 642 919 683 usque
942 625 993 666 ad
1023 623 1139 665 aliud
1161 625 1325 682 pascha
1352 631 1395 665 et
1421 623 1602 680 insuper
1624 638 1761 680 usque

284 696 335 737 ad
390 703 708 752 pentecosten,
774 703 1006 751 antequam
1070 693 1122 734 ad
1184 691 1555 734 lerosolimitanas
1615 698 1760 748 partes

283 762 653 821 proficisceretur,
680 779 777 805 cum
800 778 928 804 cruce
957 769 1161 818 suscepta
1182 761 1227 802 in
1249 776 1385 819 regno
1412 776 1489 801 suo
1518 774 1760 801 commora-

282 839 350 873 tus
379 839 444 872 est
458 832 487 872 2.

311 945 438 996 [XII]
467 945 527 984 De
550 953 684 984 mot-le
706 943 921 993 Herberti,
946 943 1099 982 Sancti
1120 942 1240 982 Petri
1266 942 1524 981 Senonensis
1541 940 1725 981 abbatis.

340 1041 453 1080 Dum
477 1055 579 1080 vero
618 1039 699 1079 hec
736 1037 794 1079 ita
829 1045 1080 1096 agerentur,
1119 1035 1392 1078 senonensis
1430 1034 1615 1077 civit-atis
1656 1035 1759 1076 bur-

279 1124 438 1166 genses
471 1107 678 1147 adversus
716 1107 918 1147 abbatem
956 1104 1105 1147 Sancti
1142 1104 1259 1146 Petri
1296 1103 1391 1145 'vivi
1424 1104 1686 1145 Herbertum
1714 1102 1758 1143 in

280 1175 387 1216 iram
425 1174 656 1225 concitati,
695 1176 797 1233 quia
833 1173 1124 1216 communiam
1168 1189 1318 1214 eorum
1355 1172 1534 1214 dissolvi
1570 1173 1757 1221 fecerat,

279 1259 377 1284 eum
410 1243 683 1284 truculenter
720 1250 1000 1284 necaverunt.
1039 1242 1106 1283 Ob
1135 1242 1257 1297 cujus
1286 1239 1499 1281 ultionem
1528 1255 1602 1280 rex
1626 1254 1758 1295 quos-

278 1311 377 1352 dam
417 1310 736 1352 homicidarum
777 1310 951 1351 illorum
984 1309 1037 1351 de
1065 1317 1184 1350 turre
1220 1307 1469 1350 Senonensi
1503 1305 1758 1365 precipitari

278 1377 396 1427 feeit,
422 1378 635 1436 quosdam
660 1387 803 1419 autem
826 1377 1019 1419 Parisius
1045 1375 1297 1418 detruncari
1316 1375 1380 1416 ²²3.

452 1490 600 1542 [XIII.]
633 1489 818 1545 Quando
846 1505 924 1528 rem
953 1488 1246 1529 Ierosolimczm
1265 1488 1487 1546 profectus
1512 1496 1586 1528 est.

335 1583 463 1624 Anno
491 1584 544 1624 ab
571 1583 874 1624 incarnatione
909 1581 1086 1623 Domini
1121 1583 1183 1624 Μὓ
1216 1582 1267 1622 C⁰
1292 1582 1381 1623 XL⁰
1408 1583 1504 1625 V10.
1538 1580 1757 1639 gloriosus

278 1667 351 1692 rex
379 1650 641 1702 Ludovicus,
680 1667 837 1710 magno
869 1649 1077 1692 comitatu
1105 1658 1152 1691 ut
1181 1650 1367 1691 decebat
1400 1648 1758 1690 honorificentis-

278 1718 384 1760 sime
431 1718 752 1769 circumdatus,
796 1718 879 1759 iter
921 1718 1039 1776 quod
1081 1725 1257 1759 voverat
1291 1733 1502 1775 peragere
1544 1717 1755 1774 cupiens,

277 1787 520 1844 septimana
553 1794 652 1844 post
683 1794 972 1844 pentecosten
1005 1786 1059 1827 de
1085 1784 1321 1827 Parisiensi
1351 1784 1524 1826 civitate
1555 1800 1757 1842 egressus

278 1862 343 1895 est
358 1853 386 1894 4.
419 1855 544 1896 Unde
573 1855 795 1912 profectus
820 1854 864 1895 in
890 1853 1048 1895 itinere
1075 1854 1234 1895 multos
1259 1853 1432 1894 labores
1462 1851 1684 1902 sustinuit,
1716 1860 1759 1893 et

277 1921 454 1963 tandem
480 1921 777 1963 Ierosolimam
813 1921 1027 1979 pervenit.
1066 1923 1303 1978 Postquam
1338 1928 1481 1961 autem
1515 1919 1567 1960 ad
1603 1919 1755 1976 Sepul-

278 1990 430 2031 chrum
453 1989 629 2031 Domini
656 1990 878 2031 orationes
903 1989 1138 2047 complevit
1156 1997 1198 2031 et
1220 2005 1317 2030 cum
1338 1987 1488 2030 debita
1512 1987 1755 2029 reverentia

278 2072 450 2099 crucem
484 2057 760 2100 Dominicam
798 2058 1009 2108 adoravit,
1046 2057 1100 2099 de
1126 2056 1324 2114 partibus
1362 2056 1449 2097 illis
1481 2055 1750 2114 regrediens,

319 2181 338 2193 σ
375 2169 468 2200 fideli
484 2174 573 2199 recte
589 2169 625 2200 G.

314 2193 347 2240 ἳι.
372 2211 419 2241 Ici
435 2213 460 2241 A
474 2211 587 2251 ascum
607 2210 636 2239 le
656 2221 801 2251 passage
815 2209 947 2239 suivant
963 2218 972 2238 :
990 2209 1104 2239 Abbas
1128 2209 1201 2240 Gilo
1219 2208 1393 2238 abbatiam
1409 2206 1547 2243 dimisit,
1567 2207 1621 2238 01ιὶ
1636 2206 1754 2237 substi-

274 2256 364 2282 tutus
380 2255 473 2293 Ilugo
493 2252 721 2292 Crispeiensis.
737 2270 776 2274 -—
793 2252 907 2281 Abbas
929 2255 1042 2280 autem
1058 2251 1133 2281 Gilo
1151 2250 1330 2280 ecclesiam
1346 2250 1461 2280 Sancti
1478 2249 1638 2280 Germani
1657 2249 1754 2279 Pari-

275 2294 397 2323 siensis
418 2294 477 2323 illo
495 2304 582 2323 anno
599 2293 733 2334 integro
751 2293 847 2323 rexit.
868 2293 948 2322 Post
970 2292 1066 2332 cujus
1085 2292 1165 2322 anni
1188 2292 1463 2332 completionem,
1483 2291 1646 2331 quoniam
1669 2290 1753 2320 tanti

275 2335 452 2375 regiminis
480 2335 598 2364 honeri
622 2345 688 2364 non
717 2334 915 2370 sufficiebat,
947 2334 1158 2374 pastoralem
1182 2344 1300 2364 curam
1326 2332 1468 2362 dimisit.
1496 2333 1533 2361 In
1557 2332 1653 2373 cujus
1681 2332 1755 2362 loeo

277 2377 385 2417 Hugo,
406 2377 500 2416 prior
518 2376 758 2416 Crispeiensis,
780 2375 987 2405 substitutus
1004 2379 1064 2405 est.

275 2510 287 2538 l
317 2470 343 2498 1.
371 2469 463 2499 Cotto
482 2469 588 2510 eglise
608 2470 656 2499 fut
671 2469 801 2499 donnee
816 2480 881 2499 aux
897 2469 1089 2499 Cordeliers
1109 2469 1166 2498 100
1182 2479 1242 2499 ans
1261 2467 1339 2509 plus
1355 2467 1442 2497 tard.
1464 2466 1628 2505 (Cherest,
1658 2468 1755 2496 Veze-

287 2522 315 2539 ar
339 2535 344 2547 ‚
363 2511 387 2545 Ι,
410 2512 477 2540 128.

310 2522 343 2581 g.
368 2552 411 2581 Le
427 2511 549 2592 (10111111
566 2552 606 2582 (10
622 2552 722 2582 Louis
741 2551 799 2581 VII
817 2552 907 2581 n’eut
922 2562 984 2592 pas
1002 2551 1071 2582 lieu
1089 2562 1129 2581 en
1144 2550 1222 2581 effet
1236 2555 1339 2581 avant
1352 2550 1426 2590 juin
1443 2551 1541 2587 1147;
1561 2550 1591 2579 10
1610 2550 1646 2579 12
1664 2549 1704 2579 de
1719 2560 1754 2579 00

275 2593 360 2623 111015
379 2594 408 2622 10
426 2595 475 2623 roi
492 2594 575 2623 etait
589 2604 710 2623 encore
725 2596 744 2622 a
760 2593 985 2623 Saint-Denis.

314 2636 341 2663 3.
367 2635 521 2671 Hei-bert,
539 2635 625 2665 abbe
641 2635 681 2664 de
696 2634 1064 2669 Saint—Pierre-le—Vif,
1085 2635 1134 2664 sut
1149 2636 1203 2663 tue
1222 2633 1252 2663 le
1270 2634 1311 2663 1er
1327 2633 1393 2663 mai
1412 2633 1500 2662 1147.
1520 2631 1751 2673 L'expedition

274 2675 313 2705 de
332 2676 432 2706 Louis
451 2677 509 2706 VII
528 2676 605 2706 date
623 2676 709 2706 donc
727 2676 773 2706 du
787 2676 874 2706 mois
889 2676 929 2705 de
948 2676 1120 2706 1110111117.

316 2718 342 2746 ’4.
371 2718 415 2747 La
433 2718 611 2748 Petitecote
630 2729 668 2747 en
689 2719 765 2747 ‘1147
784 2718 898 2747 tomba
911 2718 941 2747 le
960 2717 1074 2758 3111111,
