1846 3184
260 140 318 169 138
776 137 914 168 TABLE
938 137 993 168 ET
1016 137 1228 168 EXTRAITS

302 214 397 244 Sicut
408 225 489 254 ergo
501 214 632 244 nobiles
639 238 698 244 .....
712 213 884 244 offerendo
897 214 1040 255 reponit.
1058 214 1141 244 Cum
1158 213 1247 243 enim
1261 214 1413 254 prefatus
1426 214 1584 244 dominus
1597 214 1741 245 Ludovi-

260 276 319 295 (eus
339 264 507 294 obsidioni
526 266 657 304 prefate
675 265 863 299 insudaret,
883 265 1052 294 assistunt
1076 265 1244 294 solemnes
1262 263 1388 299 nuncii,
1409 275 1427 294 a
1446 264 1619 295 nonnullis
1636 265 1739 295 baro-

260 316 361 345 nibus
379 326 417 344 ac
441 314 544 344 ctiam
562 315 691 355 populo
712 315 892 355 Aquitanic
913 315 1044 351 directi,
1071 315 1126 355 qui
1146 325 1220 344 cum
1241 314 1430 344 reverentia
1448 315 1563 344 addito
1580 320 1740 355 prompto

261 366 400 395 servitio
418 365 451 394 in
469 365 628 394 omnibus
642 365 803 401 exhibita,
823 366 888 405 ipsi
906 365 1000 395 flexis
1019 365 1163 403 genibus
1178 364 1356 394 humiliter
1374 365 1624 405 supplicarunt,
1645 369 1682 395 ut
1699 365 1741 395 ad

260 419 375 455 partes
395 415 660 445 Biturieensiunl
684 426 760 444 euin
784 415 932 444 exercitu
958 426 992 443 sc
1016 416 1238 449 transferret,
1258 414 1301 443 ad
1323 425 1397 444 eam
1421 419 1554 455 partem
1580 415 1739 444 tuendam

262 476 365 505 quam
388 465 535 494 confinia
560 465 852 495 Lemovicensium
877 465 1138 495 conterminant.
1162 465 1283 494 Sancte
1308 465 1441 501 Severe,
1468 465 1634 505 oppidum
1658 476 1742 505 pene

264 515 542 555 inexpugnabile,
573 515 616 544 ibi
644 520 877 545 constructum
906 515 1057 544 habebat
1091 518 1264 550 castrum,
1293 515 1409 555 utiquc
1433 515 1688 544 nobilissimum
1715 519 1747 544 et

263 565 468 595 hereditarie
494 566 614 595 militie
639 566 857 606 possessione
883 566 1064 601 famosum,
1084 564 1197 604 pedite
1218 565 1320 594 etiam
1340 565 1446 594 multo
1464 565 1684 605 populosum,
1706 564 1746 594 de

262 615 359 655 cujus
385 616 572 645 munitione
602 616 739 656 pugiles
771 616 886 656 sepius
917 615 1154 654 erumpebant,
1186 625 1247 654 per
1279 615 1494 655 tyrannidem
1528 614 1746 645 devastantes

264 666 414 706 patriam
436 666 660 705 adjacentem.
688 667 757 695 Hac
783 666 822 695 (Ic
848 676 950 695 causa
979 665 1214 705 postulabant,
1243 669 1279 694 ut
1299 665 1544 700 Ilumbaldum,
1570 665 1745 694 dominum

262 716 339 751 loci,
362 716 505 745 militem
527 716 753 746 fortissimum
768 720 799 745 et
815 717 997 751 famosum,
1017 719 1075 744 aut
1093 714 1135 744 ad
1162 714 1395 754 exequendum
1408 714 1580 754 justitiam
1597 717 1745 754 cogeret,

262 767 409 806 autjurc
431 777 493 806 pro
512 766 648 806 injuriis
666 767 773 796 illatis
793 770 906 795 castro
924 766 999 805 lege
1019 764 1124 793 salica
1142 764 1348 804 privaretur.
1369 765 1476 804 Capto
1500 774 1580 804 ergo
1601 762 1745 794 Gornaci

262 821 386 853 castro,
408 816 497 856 quod
522 817 703 856 petebatur
723 827 876 845 annuens
902 815 1061 844 dominus
1086 814 1290 849 Ludovicus,
1314 825 1379 844 non
1404 825 1482 844 cum
1506 825 1631 854 magno
1651 824 1747 843 exer-

262 866 342 902 citu,
369 866 427 895 scd
448 877 525 895 cum
543 866 811 895 domesticorum
827 865 967 894 militari
988 875 1091 893 manu
1103 864 1187 893 fines
1211 864 1288 894 illos
1312 865 1502 904 ingressus,
1530 864 1573 893 ad
1594 868 1747 893 castrum

263 926 371 956 usque
383 916 549 956 pervenit,
562 927 627 945 non
642 926 784 956 sperans
797 915 1030 944 resistentiam
1042 913 1203 954 reperire.
1220 914 1284 943 Sed
1297 914 1397 943 aliter
1408 914 1663 954 contigitquam
1676 924 1750 954 spe·

266 966 376 996 rabat.
397 966 554 995 Prcsatus
574 976 720 1006 namque
735 965 956 1001 castellanus7
974 964 1082 993 multa
1098 963 1222 993 militia
1236 964 1418 993 comitatus
1437 964 1628 1004 (eratenim
1645 973 1749 1004 gene-

265 1015 334 1045 rosi
362 1015 551 1055 sanguinis,
580 1016 664 1045 benc
691 1015 845 1044 liberalis
871 1019 903 1044 et
923 1013 1103 1055 providus)
1131 1014 1160 1043 ei
1186 1013 1346 1049 occurrit,
1375 1014 1554 1054 rivumque
1580 1013 1750 1054 quendam

265 1065 443 1106 repagulis
462 1070 494 1095 et
511 1065 601 1106 palis
619 1076 825 1105 preponens,
845 1065 940 1094 nulla
958 1065 1047 1094 enim
1066 1064 1133 1094 alia
1155 1064 1358 1094 succedebat
1376 1064 1442 1100 via,
1465 1063 1625 1093 exercitui
1650 1064 1751 1093 Frau—

265 1126 383 1145 corum
409 1116 569 1145 resistere
599 1116 742 1155 dignum
775 1115 881 1145 duxit.
913 1115 1035 1144 Hostes
1066 1115 1214 1144 Francos
1245 1125 1385 1144 numero
1409 1114 1632 1150 excedebant,
1661 1113 1750 1143 unde

265 1166 381 1196 hostes
395 1166 428 1195 in
448 1166 647 1206 superbiam
662 1166 754 1201 elati,
777 1176 854 1195 cum
875 1165 995 1195 Franci
1010 1165 1241 1195 deliberarent
1261 1164 1343 1205 quid
1362 1164 1438 1194 inde
1456 1164 1629 1204 agendum
1649 1167 1750 1199 esset,

266 1216 406 1257 quidam
422 1227 550 1251 eorum,
565 1217 607 1246 ad
622 1216 735 1246 laudis
749 1216 888 1246 titulum
904 1215 1150 1256 acquirendum
1168 1216 1334 1255 repagula
1349 1215 1474 1250 exiens,
1492 1215 1637 1255 quedam
1652 1215 1752 1255 igno-

267 1267 413 1296 miniosa
432 1267 547 1303 verba,
566 1278 682 1296 eorum
707 1266 964 1296 eunctaeionem
982 1266 1210 1306 vilipendens,
1230 1265 1385 1305 protulit.
1402 1265 1534 1300 Quibus
1552 1265 1752 1305 indignatus

267 1317 426 1346 dominus
440 1317 643 1352 Ludovieus,
657 1327 783 1357 equum
795 1316 988 1346 calcaribus
1001 1320 1101 1356 urget
1112 1320 1144 1345 et
1158 1320 1194 1345 ut
1205 1319 1278 1345 erat
1292 1315 1342 1344 vir
1354 1325 1414 1355 pre
1428 1315 1549 1345 ceteris
1563 1314 1751 1350 animosus,

266 1366 423 1396 insiliens
442 1367 474 1396 in
494 1378 581 1401 eum,
604 1367 723 1396 lancea
741 1377 945 1406 percussum
972 1376 1032 1395 nec
1051 1376 1129 1395 eum
1149 1366 1273 1400 solum,
1297 1365 1354 1394 sed
1372 1375 1434 1404 per
1456 1375 1533 1394 eum
1557 1364 1662 1394 alium
1685 1374 1753 1393 uno

266 1416 336 1445 ictu
354 1416 553 1456 prosternit.
572 1416 644 1452 Quo
660 1420 810 1456 peraeto,
832 1415 921 1455 quod
940 1426 1055 1455 regem
1074 1415 1127 1444 vel
1144 1414 1235 1454 regis
1254 1414 1364 1443 filium
1380 1413 1567 1447 dedeceret,
1586 1413 1620 1442 in
1636 1413 1753 1442 eodem

267 1467 340 1496 rivo
360 1466 539 1506 copiosum
556 1477 663 1506 usque
682 1466 725 1495 ad
740 1466 876 1505 galeam
894 1465 1055 1495 balneum
1073 1464 1249 1504 componit
1267 1474 1514 1504 successusque
1533 1474 1612 1493 suos
1631 1473 1754 1503 urgere

268 1527 334 1546 non
358 1516 531 1551 differens,
559 1527 625 1556 quo
652 1516 785 1545 occisus
810 1520 884 1545 arto
908 1515 1046 1549 exierat,
1070 1514 1124 1544 hic
1150 1514 1292 1544 intravit
1318 1518 1350 1543 ct
1373 1514 1483 1554 pugili
1513 1514 1754 1554 congressione

269 1567 386 1596 hostes
411 1566 550 1606 abigere
585 1566 678 1595 solus
706 1565 805 1605 cepit.
839 1565 937 1600 Quod
963 1564 1084 1594 Franci
1114 1564 1267 1594 videntes
1294 1568 1326 1593 et
1350 1564 1525 1599 mirantes,
1549 1563 1756 1593 mirabiliter

270 1617 412 1647 animati
448 1616 605 1657 quamvis
642 1616 793 1656 impares
829 1625 971 1644 numero
1003 1618 1137 1650 essent,
1172 1624 1211 1643 ne
1243 1618 1358 1643 tamen
1390 1613 1548 1643 dominus
1586 1613 1755 1643 naturalis

271 1667 428 1707 captivus
456 1666 666 1696 detineretur
697 1666 751 1695 vel
781 1665 1012 1700 occideretur,
1044 1664 1202 1704 protinus
1234 1664 1402 1704 repagula
1430 1667 1614 1703 rumpunt,
1643 1663 1756 1693 rivum

269 1717 482 1752 transiliunt,
500 1717 615 1746 hostes
636 1716 743 1745 multa
760 1715 840 1745 cede
857 1719 1102 1755 persequentes
1120 1715 1163 1744 ad
1181 1718 1337 1744 castrum
1354 1724 1461 1754 usque
1476 1719 1611 1744 coactos
1626 1713 1758 1754 repule-

270 1772 358 1797 runt.
388 1767 493 1796 Fama
522 1767 625 1802 volat,
655 1766 847 1806 oppidanos
872 1769 1046 1805 totamque
1071 1764 1285 1805 provinciam
1308 1764 1457 1794 vicinam
1478 1763 1645 1804 percellit,
1667 1763 1757 1803 quod

271 1818 431 1847 dominus
450 1816 642 1847 Ludovicus
661 1816 831 1856 juraverit
847 1815 925 1845 inde
944 1826 978 1845 se
999 1826 1065 1845 non
1083 1826 1301 1845 recessurum
1316 1815 1421 1844 donec
1443 1814 1595 1843 funditus
1614 1814 1758 1843 subver-

272 1869 352 1898 terit
369 1872 532 1904 castrum,
554 1872 586 1897 et
601 1866 787 1896 nobiliores
810 1866 915 1896 castri
933 1870 992 1895 aut
1011 1865 1168 1906 patibulo
1192 1866 1305 1905 affigat
1324 1869 1383 1894 aut
1399 1865 1516 1894 oeulos
1537 1867 1644 1893 eruat.
1662 1863 1759 1893 Unde

271 1918 437 1958 oppidani
462 1917 584 1952 territi,
613 1927 782 1946 consensu
809 1916 962 1945 omnium
985 1926 1048 1955 pro
1072 1915 1231 1944 omnibus
1253 1915 1411 1944 dominus
1437 1924 1470 1943 se
1496 1913 1640 1943 subdere
1666 1913 1758 1953 regie

274 1979 340 1998 non
368 1967 503 1997 distulit
532 1967 702 2007 majestati
734 1977 810 1995 cum
839 1970 909 1995 toto
938 1976 998 1995 suo
1031 1965 1202 2002 dominio,
1236 1975 1298 2005 pro
1329 1964 1449 1994 ceteris
1482 1963 1617 1994 veniam
1640 1962 1757 1992 multis

274 2018 434 2058 precibus
460 2017 663 2058 implorans.
690 2016 763 2052 Quo
787 2026 949 2046 concesso
978 2015 1081 2045 castri
1109 2014 1363 2055 possessionem
1386 2013 1515 2054 recepit
1537 2013 1757 2053 rediensque,

274 2079 352 2097 eum
375 2079 438 2108 pro
467 2067 574 2108 preda
601 2067 778 2096 dominum
803 2065 907 2095 castri
933 2065 1082 2105 cepisset
1108 2069 1140 2094 et
1165 2064 1257 2104 apud
1284 2068 1436 2094 castrum
1462 2064 1665 2103 Stampense
1696 2062 1759 2092 sub

276 2120 432 2150 custodia
450 2120 656 2160 reliquisset,
673 2119 827 2149 Parisius
847 2118 935 2148 felici
953 2128 1111 2147 successu
1132 2117 1307 2147 remeavit.

316 2194 365 2224 DE
403 2202 522 2223 MORTE
562 2193 720 2222 Pmmpm
758 2201 861 2221 REGIs
898 2191 1053 2221 ancm
1091 2199 1134 2220 ET
1172 2200 1254 2220 mus
1293 2198 1509 2219 SEPULTURA.
1550 2187 1756 2228 (Variantes,

276 2255 309 2284 p.
327 2243 446 2284 37-39.)

319 2311 368 2341 DE
386 2320 635 2341 coHoNATJONE
653 2320 755 2340 REGIS
772 2310 945 2340 Lunovmz
966 2308 1095 2339 GROSSI
1115 2318 1157 2338 ET
1175 2317 1350 2343 QUOMODO
1368 2315 1536 2336 EecLESIA
1553 2306 1757 2336 RHEMENSIS

278 2371 408 2391 VOLUIT
423 2371 493 2391 EAM
513 2370 693 2391 ῙΜΡΕΒΙΗΕ,
714 2360 920 2402 (Variantes,
941 2370 973 2399 p.
994 2359 1113 2399 39-42.)

320 2429 499 2465 Quomono
515 2438 715 2459 IMPEnAToP.
735 2437 854 2458 FILIAM
874 2437 976 2458 Rssffls
995 2428 1130 2457 ANGLOE
1149 2435 1291 2457 UXOREM
1312 2434 1435 2455 PETIIT.
1458 2423 1574 2464 (Hem-i
1590 2422 1631 2453 de
1645 2424 1757 2457 Hunt„

279 2492 312 2521 p.
332 2481 416 2518 237.)

319 2548 499 2584 Quomono
514 2557 578 2577 max
593 2547 758 2581 FnANem,
773 2546 977 2575 Luoovmus
994 2545 1168 2580 Gnossus,
1184 2553 1347 2573 (zAs‘rRUM
1363 2543 1571 2572 FIRMITATIS
1583 2541 1760 2570 mmmm
1796 2568 1800 2569 ⁷

280 2607 392 2634 CEPIT,
418 2606 461 2627 ET
486 2606 645 2626 comTEM
670 2596 944 2625 UORBOLIENSEM
971 2605 1089 2631 ATQUE
1108 2596 1302 2624 ANCELLUM
1327 2603 1371 2623 DE
1390 2592 1594 2628 GARLANDA,
1623 2600 1685 2627 QUI
1712 2600 1760 2620 1131

281 2657 418 2678 (JAPTIVI
440 2656 725 2682 DETINEBANTUR,
745 2655 898 2676 ERIPUIT.
916 2645 1121 2687 (Istzriantes,
1142 2656 1174 2685 p.
1194 2643 1320 2683 41-45.)

322 2716 370 2746 DE
404 2723 543 2745 GUERRA
576 2723 671 2744 MOTA
704 2723 807 2743 INTER
838 2722 948 2743 REGES
979 2713 1134 2742 Famem
1168 2721 1212 2742 ET
1242 2712 1376 2741 ANGLIE
1407 2718 1604 2739 oceAsmNE
1637 2716 1760 2737 CASTRI
