1846 3184
193 144 231 172 16
863 138 1005 169 SUGER

195 219 398 260 videlicet
417 219 750 273 Engerrannum
768 224 810 257 et
828 216 1007 256 Ebalum
1028 215 1342 257 Rueiacensem
1366 218 1396 265 ¹,
1416 234 1511 259 eum
1535 219 1670 259 onini-

194 288 275 327 bus
299 302 408 342 quos
437 283 613 324 allicere
642 282 724 323 sibi
757 291 1010 339 potuerunt,
1039 291 1229 323 castrum
1258 292 1298 323 et
1327 284 1368 324 in
1396 294 1538 325 castro
1572 302 1669 326 eum

194 353 415 401 obsidere,
450 350 791 406 circumquaque
821 366 917 390 eum
944 357 988 389 et
1011 349 1110 405 palo
1143 358 1185 389 et
1216 351 1375 391 vimine
1410 352 1671 392 circumcin-

191 437 311 478 gere,
337 435 522 474 eumque
544 417 679 458 multa
701 433 819 457 mora
838 417 948 456 same
974 415 1297 472 periclitantem
1320 418 1373 458 ad
1394 418 1670 459 dedicionem

191 503 365 543 cogere,
397 494 692 541 castrumque,
733 484 767 524 si
805 482 1001 540 possets
1032 483 1141 534 lieri,
1181 486 1451 536 subvertere,
1487 502 1674 542 eumque

193 552 407 610 perhenni
438 569 613 593 carcere
649 552 991 608 condempnare.
1032 552 1158 603 Quod
1186 551 1340 592 videns
1373 553 1437 592 vir
1467 568 1670 609 nequam,

185 623 274 675 jam
305 620 485 661 firmatis
518 619 727 668 castellis,
763 635 860 659 eum
886 617 1073 658 necdum
1104 618 1216 658 vallo
1232 630 1257 658 .έῖ
1280 620 1333 659 ab
1362 619 1445 659 alio
1475 620 1526 659 ad
1556 620 1671 661 aliud

191 689 385 728 clausum
412 696 543 737 esset,
572 694 701 727 nocte
729 684 875 726 furtim
900 684 1054 734 exiliit,
1081 692 1124 725 et
1151 685 1362 725 festinans
1386 687 1438 726 ad
1463 687 1672 727 famosum

185 757 407 810 juvenem,
440 754 713 795 collaterales
742 754 833 808 ejus
858 751 1113 792 muneribus
1136 760 1177 792 et
1199 752 1428 808 promissis
1457 754 1668 810 corrupit,

188 831 230 862 et
260 830 304 862 ut
339 820 410 861 ei7¹
442 819 616 861 militari
644 819 959 876 suffragaretur
993 818 1191 859 subsidio
1223 819 1434 860 citissime
1462 820 1668 861 obtinuit.

188 887 414 930 Flexibilis
441 886 453 915 ῐ
479 887 643 944 quippe
675 895 717 927 et
743 894 856 927 etate
886 895 927 925 et
960 885 1169 935 moribus,
1202 886 1388 927 collecto
1423 886 1673 945 septingen-

188 964 332 996 torum
367 954 552 995 militum
584 955 793 1001 exercitu,
826 952 878 993 ad
917 961 1063 1009 partes
1098 952 1195 993 illas
1232 953 1411 994 festinat
1445 954 1669 996 accedere.

189 1022 273 1077 Qui
303 1038 400 1063 cum
426 1022 606 1063 castello
627 1022 757 1062 Acuti
779 1020 941 1062 Montis
965 1020 1359 1077 appropinquaret,
1384 1021 1463 1063 viri
1486 1021 1558 1078 qui
1583 1038 1674 1063 cas-

188 1100 302 1132 trum
344 1090 736 1131 circumcluserant
776 1088 954 1129 nuntios
983 1088 1036 1128 ad
1069 1104 1165 1128 eum
1201 1088 1424 1145 delegant,
1464 1098 1671 1145 tanquam

188 1159 422 1216 designato
456 1157 635 1198 domino
676 1172 730 1196 ne
756 1156 1022 1197 removendo
1051 1171 1124 1195 eos
1157 1156 1209 1195 ab
1241 1156 1473 1197 obsidione
1500 1157 1672 1213 vitupe-

189 1226 299 1266 rium
343 1225 500 1265 inscrat
540 1223 806 1280 supplicant,
846 1231 1123 1279 opponentes
1162 1239 1214 1263 ne
1255 1239 1334 1279 pro
1371 1223 1672 1280 perditissimo

188 1292 365 1334 homine
392 1291 616 1333 servitium
644 1299 866 1331 tantorum
895 1290 1080 1339 amittat,
1112 1289 1351 1331 infaustum
1386 1289 1672 1346 pernitiosius

190 1360 273 1401 sibi
296 1376 425 1417 quam
451 1359 529 1408 eis,
560 1360 594 1399 si
623 1374 808 1415 nequam
838 1366 932 1398 tuto
961 1366 1199 1405 remaneat,
1224 1351 1440 1398 veraciter
1460 1357 1672 1413 proliten—

187 1437 269 1469 tes.
304 1428 361 1468 At
398 1443 517 1478 vero,
551 1443 648 1467 cum
682 1442 764 1466 nec
799 1424 1035 1466 blandiciis
1074 1441 1153 1465 nec
1188 1425 1318 1465 minis
1349 1442 1369 1465 a
1406 1425 1636 1481 proposito
1654 1435 1672 1464 J

189 1512 286 1536 eum
311 1496 523 1536 devocare
551 1494 763 1542 valerent,
789 1493 916 1533 veriti
947 1501 1047 1533 sunt
1070 1491 1113 1532 in
1140 1491 1422 1550 designatum
1444 1491 1669 1532 dominum

188 1562 479 1612 committere,
511 1570 553 1602 et
586 1568 905 1617 proponentes,
941 1576 1035 1601 cum
1062 1558 1157 1616 ipse
1190 1559 1370 1609 rediret,
1399 1559 1451 1599 ad
1474 1557 1672 1599 obsidio-

188 1646 287 1670 nem
306 1629 324 1658 ss
357 1628 550 1670 recidivo
587 1628 704 1669 bello
740 1627 908 1677 redire,
946 1635 1174 1668 cesserunt
1211 1635 1253 1667 et
1284 1625 1494 1683 quiequid
1532 1626 1673 1666 faeere

186 1697 318 1738 vellet
343 1697 467 1737 inviti
495 1695 812 1737 sustinuerunt.
855 1697 953 1751 Ipse
985 1711 1087 1735 vero
1123 1694 1167 1735 in
1197 1710 1326 1734 manu
1351 1692 1545 1750 potenti,
1582 1692 1673 1733 dis-

188 1765 329 1822 ruptis
346 1773 389 1805 et
406 1763 593 1805 defossis
611 1763 954 1819 circumquaque
972 1762 1176 1802 omnibus
1194 1760 1464 1817 municipiiS,
1486 1760 1673 1801 Acutum

188 1835 382 1874 Montem
406 1830 712 1887 emancipavit,
740 1839 783 1871 et
801 1838 887 1871 tam
910 1829 1040 1870 armis
1063 1845 1192 1885 quam
1210 1829 1490 1879 victualibus,
1520 1844 1670 1868 eorum

189 1899 459 1956 sophismata
493 1898 738 1947 denodans,
767 1898 996 1954 copiosum
1034 1896 1241 1937 reddidit.
1283 1898 1527 1952 Eapropter
1555 1894 1670 1951 opti-

190 1976 342 2017 mates,
380 1966 453 2024 qui
488 1983 634 2007 amore
665 1974 708 2007 et
742 1965 899 2006 timore
929 1966 1021 2020 ejus
1061 1973 1300 2014 cesserant,
1338 1963 1439 2020 quia
1471 1962 1515 2003 iu
1550 1963 1670 2003 nullo

188 2043 447 2092 pepercerat
480 2041 810 2079 succensentes,
844 2032 997 2073 dolent
1025 2047 1104 2072 nec
1133 2030 1316 2071 ulterius
1349 2046 1394 2071 sc
1429 2029 1466 2070 ei
1499 2029 1671 2070 deferre

182 2101 470 2157 jurejurando
502 2102 738 2141 minantur„
772 2101 970 2156 Cumque
1001 2115 1099 2140 eum
1142 2096 1345 2155 regredil
1376 2095 1669 2152 conspitiunt,

225 2213 250 2251 s.
277 2211 432 2251 possidet
449 2211 484 2240 D.

224 2264 256 2293 g.
282 2253 413 2281 vallum
432 2252 465 2280 F.

227 2294 258 2323 Ιι,
284 2297 321 2322 ut
341 2293 415 2322 etei
434 2293 471 2322 D.

229 2334 250 2364 ι’.
276 2334 401 2363 flebilis
420 2334 457 2363 Β.

220 2375 250 2416 j.
277 2386 296 2404 a
314 2375 485 2415 promisso
502 2379 534 2404 et
550 2374 729 2414 proposito
747 2374 782 2403 F.

227 2417 256 2445 lc.
281 2416 324 2445 ab
342 2416 520 2445 obsidione
538 2416 575 2451 B,
598 2416 635 2444 D.
654 2433 694 2437 —
711 2415 757 2445 La
780 2415 876 2453 lecon
896 2414 1039 2454 adoptee
1066 2418 1117 2443 est
1140 2413 1271 2443 soni-nie
1294 2423 1358 2453 par
1378 2416 1454 2442 tous
1479 2412 1528 2441 les
1553 2415 1669 2441 autres

186 2457 410 2492 manuscrits;
431 2457 495 2486 elle
513 2461 564 2486 est
578 2458 699 2496 passee
720 2456 805 2486 dans
822 2456 872 2485 les
889 2455 1094 2495 Clzroniques
1117 2455 1157 2484 de
1174 2453 1403 2489 Sainc-Denis‚
1424 2454 1482 2487 ΙΙΙ,
1503 2454 1573 2482 220.

225 2499 246 2528 l.
272 2498 389 2538 egredi
406 2498 443 2527 E.

228 2625 254 2654 1.
280 2625 395 2659 Ebles,
412 2629 520 2654 comte
538 2624 578 2653 de
596 2625 723 2663 Roucy,
743 2625 878 2653 nomme
893 2623 972 2662 plus
989 2622 1083 2658 haut,
1107 2621 1185 2651 allie
1205 2619 1464 2660 d'Enguerrand
1484 2619 1524 2648 de
1546 2619 1670 2648 Boves.

183 2683 223 2687 —
240 2666 333 2696 (lette
353 2665 471 2695 affaire
491 2666 531 2694 de
552 2665 728 2705 Montaigu
745 2667 860 2705 parait
877 2664 973 2693 dater
992 2664 1031 2692 de
1049 2664 1116 2693 l'an
1141 2663 1235 2698 1104;
1262 2662 1336 2692 voir
1354 2662 1387 2690 la
1406 2665 1483 2690 note
1502 2670 1566 2700 que
1583 2659 1631 2689 lui
1649 2669 1670 2688 a

184 2709 366 2737 consacree
386 2707 423 2737 D.
444 2707 628 2737 Toussaint
647 2705 837 2746 Duplessis7
856 2705 938 2735 Hist.
954 2705 994 2735 de
1011 2707 1134 2744 (bucy,
1155 2707 1262 2740 notes,
1280 2714 1313 2743 p.
1329 2703 1440 2732 [ΑΕΖ-44.

1832 1364 1840 1372 ,ι

1826 1393 1839 1419 ξι

1828 1447 1836 1456 ι

1829 1498 1833 1505 .
