1846 3184
584 169 653 200 VIE
678 168 731 199 DE
756 167 886 199 LOUIS
911 167 962 199 LE
988 168 1100 200 GROS
1548 171 1586 200 75

98 250 313 306 gregatim
349 249 574 305 fugabant,
614 247 848 287 loricarum
887 254 929 287 et
958 262 1176 288 armorum
1203 247 1417 304 gravitate
1447 247 1584 304 pedes

99 316 283 375 gravati,
311 316 555 358 ordinatam
588 313 819 372 equitum&
848 314 986 355 aciem
1022 315 1091 355 vix
1126 314 1345 355 sustinere
1369 314 1582 366 valentes,

101 402 179 442 per
203 396 218 413 ⁶
242 393 501 441 occupatum
526 384 734 424 fossatum
759 399 856 424 cum
879 382 1028 439 pedite
1053 399 1172 440 rege,
1207 391 1307 440 post
1329 381 1585 424 innumeros

99 454 227 501 ictus,
252 461 352 509 post
372 452 547 509 longam
569 450 815 491 alternatim
840 449 1186 501 dimicationem,
1214 459 1582 502 retrocesserunt,

99 531 309 580 quantum
343 521 557 578 sapientia
593 529 763 578 prestet
797 520 993 570 audacie,
1031 519 1136 561 licet
1161 537 1275 572 sero,
1311 520 1586 563 animadver-

98 600 259 641 tentes,
287 607 384 632 eum
414 589 447 631 si
478 606 552 631 eos
587 588 777 630 ordinati
809 588 853 629 iu
884 604 1039 646 campo
1066 596 1352 645 expectarent
1366 590 1405 640 d,
1436 589 1588 630 voluu-

98 659 174 700 tati
223 675 296 700 sue
334 674 407 699 eos
449 657 628 699 omuino
664 658 1004 715 subjugarente,
1044 658 1210 699 ‘Verum
1250 672 1345 698 cum
1393 657 1587 698 acierum

100 726 358 768 confusione
403 725 534 767 soluti
584 741 664 766 nec
711 741 849 782 equos
891 740 991 765 suos
1038 723 1311 781 repperiref
1352 741 1433 765 nec
1481 724 1588 781 quid

99 795 294 836 facerent
329 794 650 845 deliberarent,
688 809 762 834 rex
800 808 887 833 non
935 809 1036 843 suo,
1081 793 1157 834 sed
1208 792 1352 833 alieno
1389 792 1589 834 insidens

98 878 228 920 equo,
259 861 482 903 animosus
512 862 761 911 resistebat,
797 861 1014 902 clamosus
1047 861 1296 910 revocabat,
1329 859 1588 902 nominatim

97 929 353 972 audaciores
366 941 393 970 εἴ
420 946 471 971 ne
504 930 706 987 fugerent
727 928 1010 970 sollicitabat.
1039 930 1138 986 Ipse
1167 937 1311 970 autem
1340 930 1457 970 inter
1484 929 1587 970 hos-

97 996 195 1038 tiles
234 1013 418 1049 cuneOS,
456 1005 604 1038 exerto
637 996 801 1054 gladio,
839 996 1000 1054 quibus
1035 1005 1209 1052 poterat
1246 995 1442 1054 presidio
1477 1004 1585 1047 erat,

98 1066 274 1123 fugaces
309 1065 554 1123 refugabat,
596 1072 639 1106 et
678 1065 788 1106 ultra
822 1081 951 1122 quam
981 1063 1180 1123 reg-iamh
1214 1064 1393 1106 deceret
1430 1066 1586 1121 majes-

99 1142 249 1183 tatem,
281 1133 405 1175 miles
436 1134 645 1175 emeritus
672 1132 823 1174 militis
852 1133 1006 1184 offitio,
1039 1149 1127 1174 nou
1155 1132 1272 1190 regis
1306 1132 1590 1190 singulariter

99 1201 368 1243 decertabat.
404 1202 511 1242 Cum
548 1210 691 1243 autem
721 1218 927 1243 corruere
953 1202 1193 1242 exercitum
1212 1234 1220 1250 ,
1255 1216 1369 1258 equo
1398 1200 1587 1251 lassato,

99 1268 216 1310 solus
253 1268 490 1326 prohibere
523 1284 611 1309 non
659 1269 838 1318 valeret,
870 1268 994 1310 adest
1019 1267 1209 1326 armiger
1247 1267 1321 1326 qui
1360 1267 1587 1325 proprium

101 1336 280 1378 reducat
303 1337 315 1365 i
338 1337 622 1390 dextrarium,
644 1338 712 1379 cui
736 1336 947 1378 citissime
973 1336 1192 1387 insiliens,
1217 1335 1422 1378 vexillum
1446 1336 1590 1394 prefe-

100 1421 216 1455 rens,
264 1421 361 1446 eum
404 1405 555 1462 paucis
600 1405 645 1446 iu
691 1406 841 1447 hostes
893 1405 1165 1463 regreditur,
1214 1405 1362 1463 plures
1413 1421 1589 1446 suorum

101 1481 251 1530 captos
276 1475 382 1514 mira
406 1473 667 1515 strenuitate
691 1473 838 1531 eripit,
863 1473 1077 1531 quosdam
1104 1473 1297 1515 hostium
1319 1473 1591 1514 validissimo

101 1541 267 1598 impetu
310 1541 553 1598 intercipit,
591 1550 631 1583 et
672 1558 724 1583 ne
758 1541 942 1583 ulterius
974 1541 1126 1583 ledant
1159 1541 1421 1590 exercitum,
1465 1558 1512 1583 ac
1557 1540 1592 1582 si

102 1609 247 1651 Gades
271 1610 470 1651 Herculis
495 1613 503 1638 ¹
551 1610 780 1651 offendant
814 1618 887 1651 aut
922 1626 1081 1668 magno
1109 1611 1313 1652 Oeceauo
1340 1618 1588 1660 arceantur,

101 1678 276 1735 refugos
294 1677 483 1735 repellit.
502 1678 690 1732 Quibus,
708 1678 964 1736 priusquam
982 1679 1212 1720 Puteolum
1231 1679 1539 1736 regrediantur
1555 1678 1590 1729 j,

102 1744 446 1804 quingentorum
482 1746 669 1787 militum
694 1748 1049 1789 Normanuorum
1076 1755 1147 1788 aut
1186 1746 1373 1804 amplior
1400 1747 1595 1788 occurrit

102 1813 337 1863 exercitus,
367 1814 440 1872 qui
480 1814 514 1855 si
557 1814 768 1856 maturius
810 1815 1054 1865 venissent,
1099 1814 1293 1857 exercitu
1335 1823 1590 1866 corruente,

101 1883 238 1937 majus
255 1881 493 1939 dampnum
510 1882 672 1923 inferre
692 1882 891 1924 fortassis
909 1882 927 1911 ‘¹¹'
945 1882 1238 1940 potuissent?
1261 1884 1459 1940 Cumque
1477 1883 1593 1939 regis

144 2001 174 2031 b.
199 2000 355 2041 peditum
370 2001 408 2031 B.

142 2054 169 2073 c.
196 2046 228 2071 et
245 2042 278 2071 F.

140 2084 174 2114 d.
200 2088 438 2124 expectassent
456 2084 491 2114 F.

140 2137 167 2155 e.
192 2125 330 2165 penitus
348 2125 595 2165 subjugassent
610 2126 645 2156 F.

139 2168 164 2207 s.
189 2166 243 2196 Sic
267 2166 354 2196 dans
380 2170 454 2196 tous
477 2167 524 2197 les
553 2168 771 2201 manuscrits:
798 2168 974 2209 repperire
998 2169 1131 2209 de‘pend
1150 2168 1191 2198 de
1220 2168 1451 2198 deliberarent
1469 2171 1498 2197 et
1523 2179 1541 2197 α
1563 2169 1591 2197 le

97 2220 172 2239 sens
189 2207 231 2237 (le
257 2208 460 2238 rechercher.

138 2262 173 2291 g.
200 2249 391 2280 audiciores
411 2251 448 2282 Α,
470 2250 505 2280 Ε,

143 2292 174 2322 Ιι,
201 2291 332 2331 regiam
351 2291 441 2321 deest
461 2291 497 2321 B.

143 2333 164 2363 i.
191 2333 324 2363 reducit
341 2332 378 2363 B.

137 2374 167 2415 j.
192 2374 434 2414 ingrediantur
452 2374 490 2405 G.

144 2415 172 2445 lt.
198 2415 323 2446 inferre
339 2416 430 2456 regis
446 2416 608 2446 exercitui
627 2417 820 2457 potuissent
841 2417 875 2447 F.

101 2544 237 2585 opponit
255 2545 311 2585 qui
335 2545 526 2581 donnerait,
549 2546 573 2576 il
595 2550 646 2575 est
661 2546 746 2581 vrai,
765 2557 810 2575 un
829 2556 907 2576 sens
926 2547 1005 2587 plus
1024 2547 1255 2580 satisfaisant:
1277 2547 1388 2587 Sug-er
1403 2550 1453 2576 est
1472 2550 1593 2576 coutu—

104 2587 190 2616 mier
204 2585 245 2616 de
262 2597 317 2616 ces
337 2597 485 2617 erreul‘S.

142 2628 170 2657 1.
197 2627 258 2657 Les
276 2629 481 2669 Claeroni'ques
500 2629 540 2658 (le
555 2631 648 2659 S.-D.
666 2629 738 2667 (ΠΙ,
753 2630 823 2661 29:35
840 2629 1032 2660 traduisent
1061 2629 1106 2659 les
1130 2630 1230 2659 bones
1258 2630 1354 2660 Areu.
1375 2630 1441 2659 Sur
1460 2630 1493 2659 la
1510 2640 1592 2659 con-

104 2669 305 2740 ἱζιξιίῗςηιὲιιιίιί
332 2670 544 2710 Moyen-Age
573 2675 668 2701 entre
699 2671 844 2701 Hercule
873 2676 905 2701 et
931 2671 1076 2707 Arthur,
1104 2671 1178 2702 voir
1204 2682 1268 2701 une
1294 2676 1370 2701 note
1400 2671 1441 2701 de
1472 2671 1591 2701 l'aulin

133 2730 174 2781 ‘2
200 2734 294 2782 ὲεῑῑε·
309 2736 436 2783 'desasto
454 2752 499 2782 du
518 2753 566 2783 roi
587 2758 637 2783 est
655 2754 753 2784 datee
771 2764 834 2795 par
852 2754 994 2785 Orderic
1012 2754 1052 2784 de
1073 2754 1138 2784 l'an
1159 2754 1237 2784 1112
1256 2754 1322 2793 (lv,
1343 2753 1425 2795 304).
