1846 3184
645 179 702 210 DU
726 180 796 210 MS.
820 179 913 210 LAT.
938 181 1017 210 5949
1039 181 1065 210 A
1536 181 1594 210 143

107 253 201 284 aliud
222 264 366 295 regnum
386 255 593 284 Francorum
615 254 777 284 invadere
799 254 934 288 audeat,
956 254 1029 294 ipse
1047 254 1168 284 beatus
1187 258 1219 284 et
1240 254 1457 284 admirabilis
1474 253 1592 283 defen-

109 315 166 334 sor
183 315 261 334 cum
279 305 381 335 sociis
405 305 476 334 suis
502 309 664 345 tanquam
687 304 730 334 ad
757 304 1009 334 defendendum
1037 305 1139 334 altari
1166 316 1226 335 suo
1253 308 1525 345 superponatur,
1555 315 1593 333 eo

107 358 266 394 presente
290 358 321 384 et
347 354 488 394 juvante
517 355 555 384 fit
579 359 648 384 tam
677 354 828 393 gloriose
855 365 959 394 quam
981 355 1113 384 devote.
1144 355 1214 385 Rex
1241 360 1355 385 autem
1373 354 1594 395 postmodum

108 404 362 434 auriflammam
379 416 443 445 que
462 404 631 434 Vexillum
648 404 744 434 Beati
767 404 921 444 Dionysii
941 404 1068 434 dieitur
1091 405 1134 434 ab
1153 405 1255 435 altari
1281 404 1485 445 suscipiens,
1505 404 1597 445 quod

108 454 148 484 de
175 455 339 484 comitatu
362 455 568 490 Yulcassini,
589 466 655 495 quo
680 455 722 484 ad
747 455 927 484 ecelesiam
951 455 1106 484 feodatus
1130 460 1192 491 est,
1212 460 1354 496 spectat,
1379 455 1492 485 votive
1518 459 1595 485 tau-

107 515 209 544 quam
240 516 259 534 a
281 505 419 535 domino
445 516 505 535 suo
537 505 743 545 suscipiens,
775 505 882 534 finitis
912 505 1099 534 missarum
1128 505 1323 541 solemniis,
1352 516 1463 546 pauca
1493 516 1597 535 manu

106 559 225 584 contra
242 554 358 584 hostes
373 559 410 585 ut
428 555 494 585 sibi
512 555 693 596 provideat
711 556 834 589 evolat,
855 559 891 585 ut
911 566 988 584 eum
1006 559 1077 584 tota
1096 555 1240 585 Francia
1259 560 1422 595 sequatur
1440 560 1598 595 potenter

104 604 239 634 invitat.
281 605 463 645 Indignata
503 605 611 645 igitur
649 605 801 635 hostium
837 605 1039 635 inusitatam
1073 605 1254 634 audaciam
1290 605 1418 635 usitata
1457 604 1598 635 Francie

105 654 321 691 animositas,
341 656 607 696 circumquaque
624 667 763 685 movens
781 656 967 685 militarem
985 655 1168 692 delectum,
1186 655 1277 685 vires
1294 660 1326 685 et
1344 655 1435 685 viros
1451 656 1598 696 pristine

108 705 246 735 virtutis
264 710 297 736 et
313 706 534 747 antiquarum
560 716 728 736 memores
751 705 976 736 victoriarum
999 705 1147 746 delegat.
1171 706 1255 735 Cum
1276 710 1389 735 autem
1408 717 1466 736 rex
1483 706 1598 736 Remis

109 755 336 792 convenisset,
356 760 450 786 tante
470 756 633 786 militaris
652 761 684 786 et
703 756 873 796 pedestris
892 756 1060 786 exercitus
1080 756 1177 796 copie
1201 757 1428 796 apparebant.
1448 761 1485 787 ut
1502 756 1598 787 vide-

108 810 227 836 rentur
251 807 469 847 superficiem
483 811 572 837 terre
592 816 684 836 more
703 807 928 842 locustarum,
950 817 1016 836 non
1039 810 1173 836 tantum
1193 817 1290 836 secus
1310 806 1475 836 decursus
1491 818 1599 847 aqua-

109 867 196 892 rum,
229 857 288 886 sed
316 857 420 887 etiam
455 856 628 886 montanis
659 861 691 886 et
722 857 754 896 p]
774 856 865 885 naitie
896 856 1073 886 devorare.
1113 856 1180 886 Ubi
1210 867 1288 885 cum
1316 867 1373 886 rex
1402 857 1601 887 continuata

109 906 303 946 septimana
318 906 585 937 Teutonicorum
601 906 852 946 prestolaretur
869 905 1058 941 incursum,
1078 910 1111 936 et
1126 906 1299 936 reiteratis
1315 906 1449 936 vicibus
1468 907 1601 938 nobiles

109 957 152 986 ad
170 957 381 998 colloquium
398 961 566 993 evocaret,
590 957 651 986 tali
675 956 763 986 inter
786 956 882 996 regni
903 967 1063 997 proceres
1083 956 1332 986 deliberatione
1359 968 1413 987 res
1437 957 1601 998 dispone-

108 1007 211 1037 batur
230 1018 236 1038 :
258 1019 273 1037 «
293 1008 536 1044 Transeamus,
556 1007 728 1047 inquiunt,
745 1006 908 1036 audacter
923 1006 966 1036 ad
985 1017 1053 1043 eos,
1072 1017 1112 1036 ne
1131 1007 1312 1037 redeuntes
1331 1007 1470 1048 impune
1489 1009 1601 1039 serant

109 1068 173 1098 que
191 1058 226 1087 in
242 1062 415 1088 terrarum
433 1057 610 1087 dominam
629 1057 810 1087 Franciam
829 1057 977 1097 superbe
992 1064 1292 1098 presumpserunt.
1316 1057 1473 1088 Sentiant
1487 1062 1602 1089 contu-

111 1107 219 1138 macie
235 1118 293 1137 sue
310 1108 471 1138 meritum
485 1119 551 1137 non
567 1107 601 1137 in
621 1111 750 1143 nostra,
771 1107 830 1137 sed
848 1106 881 1136 in
896 1111 989 1137 terra
1009 1118 1081 1143 sua,
1102 1118 1166 1148 que
1181 1108 1258 1148 jure
1278 1108 1372 1148 regio
1390 1109 1602 1139 Francorum

113 1157 253 1188 Francis
273 1169 352 1198 sepe
371 1157 565 1198 perdomita
584 1157 750 1198 subjacet,
783 1162 818 1187 ut
843 1168 907 1198 que
928 1157 993 1198 ipsi
1012 1158 1130 1187 furtim
1158 1157 1192 1187 in
1220 1169 1282 1188 nos
1314 1158 1603 1189 machinabantur

112 1212 291 1244 attentare,
312 1218 373 1238 nos
388 1207 421 1237 in
441 1218 497 1237 eos
515 1218 630 1237 coram
649 1212 921 1248 retorqueamus.
951 1219 963 1235 ι)
991 1208 1147 1238 Aliorum
1164 1213 1279 1239 autem
1299 1209 1412 1249 perita
1435 1209 1601 1240 severitas

110 1257 343 1298 persuadebat
359 1268 415 1288 eos
437 1258 567 1288 diutius
591 1263 781 1298 expectare,
802 1258 979 1298 ingressos
1001 1258 1152 1288 marchie
1177 1259 1274 1294 fines,
1291 1270 1369 1289 cum
1384 1259 1456 1299 jam
1485 1261 1603 1301 fugere

111 1308 292 1349 intercepti
314 1308 505 1349 nequirent,
526 1312 742 1348 expugnatos
770 1312 1000 1348 prosternere,
1020 1313 1187 1349 tanquam
1212 1310 1402 1340 Saracenos
1426 1310 1602 1341 inmiseri-

110 1358 259 1388 corditer
277 1358 459 1394 trucidare,
481 1358 660 1388 inhumata
683 1358 913 1388 barbarorum
936 1369 1082 1399 corpora
1107 1359 1201 1399 lupis
1229 1363 1261 1389 et
1285 1359 1398 1390 corvis
1423 1361 1466 1390 ad
1484 1372 1603 1391 eorum

109 1420 295 1449 perennem
324 1408 550 1449 ignominiam
585 1419 765 1449 exponere,
806 1413 980 1439 tantorum
1017 1409 1284 1439 homicidiorum
1318 1415 1350 1440 et
1383 1411 1600 1442 crudelitatis

111 1470 251 1489 causam
273 1463 362 1489 terre
382 1469 441 1488 sue
461 1459 657 1489 defensione
675 1459 878 1499 justificare.
900 1459 1107 1490 Ordinantes
1131 1464 1245 1490 autem
1267 1460 1364 1501 regni
1391 1472 1551 1501 proceres
1568 1463 1601 1492 in

110 1509 240 1550 palatio
268 1510 477 1540 bellatorum
509 1509 599 1539 acies
632 1520 749 1539 coram
776 1512 875 1550 rege,
902 1521 966 1550 que
1000 1510 1126 1550 quibus
1160 1510 1327 1551 suffragio
1355 1511 1602 1552 jungerentur,

110 1560 355 1590 Rhemensium
379 1563 411 1589 et
437 1559 743 1589 Cathalanensium
766 1560 859 1589 ultra
888 1560 1067 1600 sexaginta
1091 1559 1201 1589 millia
1227 1564 1299 1590 tam
1323 1561 1477 1602 equitum
1499 1573 1603 1602 quam

112 1610 268 1650 peditum
294 1621 398 1640 unam
427 1614 656 1650 componunt,
683 1610 964 1640 Laudunensium
996 1615 1029 1640 et
1061 1610 1363 1641 Suessionensium
1391 1623 1450 1642 nec
1477 1613 1602 1643 minori

110 1671 252 1690 numero
281 1661 486 1695 secundam,
515 1660 835 1697 Aurelianensium,
869 1661 1147 1701 Stampensium,
1176 1661 1425 1692 Parisiensium
1453 1667 1486 1693 et
1512 1663 1604 1694 beati

110 1710 263 1751 Dionysii
284 1710 424 1751 copioso
446 1710 596 1740 exercitu
615 1711 640 1740 X
659 1710 809 1740 millium
826 1711 1005 1740 hominum
1032 1715 1065 1740 et
1089 1722 1211 1741 corone
1230 1711 1352 1742 devoto
1370 1713 1526 1749 tertiam,
1550 1712 1605 1743 cui

110 1761 213 1791 etiam
239 1761 393 1801 seipsum
420 1761 586 1791 interesse
605 1771 664 1801 spe
693 1760 850 1801 suffragii
880 1761 1087 1801 protectoris
1104 1761 1156 1791 sui
1173 1761 1360 1802 disponens
1387 1773 1393 1792 :
1423 1775 1438 1793 «
1464 1763 1500 1793 In
1527 1764 1603 1799 hac,

110 1812 241 1852 inquit,
277 1811 347 1841 acie
379 1819 447 1841 tam
479 1822 596 1841 secure
626 1822 741 1852 quam·
762 1816 899 1841 strenue
931 1811 1120 1847 dimicabo,
1154 1823 1231 1841 cum
1261 1817 1377 1853 preter
1406 1818 1604 1844 sanctorum

110 1861 329 1891 dominorum
348 1866 548 1892 nostrorum
572 1861 833 1902 protectionem,
859 1861 963 1891 etiam
987 1862 1045 1902 qui
1074 1872 1125 1891 me
1149 1862 1375 1902 compatriote
1396 1863 1604 1894 familiarius

111 1912 343 1942 educaverunt
367 1916 425 1942 aut
446 1912 564 1942 vivum
578 1911 761 1951 juvabunt,
780 1916 839 1941 aut
865 1916 1040 1942 mortuum
1063 1916 1307 1942 conservantes
1326 1914 1566 1953 reportabunt.
1588 1925 1602 1943 >J

111 1962 232 1992 Comes
259 1962 362 1992 etiam
392 1962 568 2002 palatinus
600 1961 820 1992 Theobaldus
848 1973 926 1992 cum
948 1963 1118 1992 avunculo
1147 1962 1255 1992 nobili
1290 1963 1451 1993 Trecensi
1481 1963 1605 1994 comite

111 2013 265 2054 Hugone,
285 2024 363 2043 cum
380 2023 419 2042 ex
434 2012 649 2053 adjuratione
672 2023 764 2043 more
784 2013 937 2049 Francic,
959 2023 1121 2053 guerram
1145 2013 1236 2043 enim
1250 2013 1323 2053 regi
1341 2025 1418 2043 cum
1433 2015 1603 2045 avunculo

111 2074 191 2104 rege
219 2063 354 2104 anglico
377 2063 563 2099 inferebat,
590 2063 828 2099 adventasset,
853 2073 931 2092 cum
961 2067 1036 2093 octo
1062 2063 1217 2093 millibus
1247 2068 1408 2103 quartam
1438 2064 1603 2100 efficiens,

112 2114 232 2155 quinta
251 2113 539 2154 Burgundionum
553 2112 650 2143 ducis
667 2118 699 2143 et
716 2113 939 2143 Nivernensis
956 2113 1091 2143 comitis
1109 2114 1266 2153 previam
1290 2113 1379 2150 fecit,
1400 2125 1464 2154 que
1488 2114 1605 2144 decem

110 2164 221 2194 millia
238 2164 418 2194 hominum
434 2168 655 2194 strenuorum
670 2163 879 2194 continebat.
903 2163 1024 2193 Comes
1044 2174 1123 2193 vero
1139 2164 1302 2204 egregius
1322 2164 1606 2194 Viromandcnsis

110 2214 313 2254 Radulphus
330 2239 336 2250 ,
376 2225 542 2255 germana
576 2214 669 2255 regis
706 2214 1007 2253 consanguinitate
1051 2215 1282 2254 conspicuus,
1329 2214 1461 2255 optima
1498 2216 1605 2244 fretus

111 2263 236 2295 militia
262 2265 438 2305 multoque
465 2265 580 2294 Sancti
610 2264 764 2300 Quintini
792 2269 825 2294 et
849 2264 953 2294 totius
978 2267 1067 2294 terre
1091 2269 1226 2294 armato
1252 2268 1322 2294 tam
1353 2264 1471 2294 loricis
1501 2275 1605 2305 quam

112 2314 221 2355 galeis
240 2314 400 2351 exercitu,
421 2326 527 2344 cornu
550 2315 708 2344 dextrum
727 2325 933 2344 conservare
961 2314 1154 2344 destinatus
1176 2326 1253 2344 eum
1280 2319 1411 2354 septem
1436 2314 1603 2350 millibus,

112 2364 274 2395 Pontivos
319 2369 351 2394 et
389 2365 636 2395 Ambianenscs
677 2369 709 2394 et
740 2365 966 2394 Belvacenses
1000 2365 1034 2394 in
1075 2365 1216 2394 sinistro
1246 2365 1407 2395 constitui
1446 2365 1479 2395 iu
1512 2369 1606 2395 tanto

111 2425 253 2445 numero
282 2415 502 2455 approbavit.
534 2415 780 2445 Nobilissimum
811 2415 915 2445 ctiam
953 2426 1067 2445 comes
1098 2415 1319 2444 Flandrensis
1356 2416 1501 2445 Carolus
1528 2426 1605 2445 cum

111 2464 228 2495 decem
260 2465 415 2495 millibus
442 2465 591 2495 militum
622 2465 970 2505 pugnatissimorum,
1005 2465 1221 2505 triplicasset
1247 2466 1338 2495 enim
1363 2466 1552 2496 exercitum
1578 2465 1606 2495 si

109 2515 311 2555 tempestive
343 2515 512 2553 scivisset,
545 2520 696 2546 extrema
719 2515 790 2545 acie
814 2516 856 2545 ad
887 2516 1125 2556 peragendum
1153 2516 1391 2546 ordinabatur.
1412 2517 1471 2546 llis
1491 2521 1607 2547 autem

109 2566 263 2596 locorum
293 2566 455 2596 affinitate
485 2566 691 2607 propinquis
725 2566 792 2596 dux
822 2566 1002 2606 Aquitanic
1034 2567 1263 2603 uuillelmus,
1297 2578 1410 2597 comes
1443 2567 1606 2608 egregius

109 2615 297 2652 Britannie,
329 2627 442 2646 comes
472 2617 659 2646 bellicosus
695 2616 796 2646 Fuleo
822 2616 1082 2656 Andcgavensis
1119 2628 1250 2646 summe
1278 2618 1537 2654 exnulabantur,
1569 2629 1608 2648 eo

111 2666 201 2706 quod
236 2666 325 2697 vires
361 2667 534 2708 exagitare
561 2672 593 2697 ct
624 2667 834 2697 Francorum
858 2666 1022 2707 injuriam
1051 2668 1191 2707 punire,
1226 2672 1259 2697 et
1283 2668 1335 2698 vic
1363 2668 1545 2708 prolixitas
1574 2673 1607 2699 et

111 2716 277 2756 temporis
307 2717 459 2747 brevitas
483 2717 694 2758 prohiberet.
721 2717 903 2747 Provisum
927 2722 979 2747 est
1004 2717 1107 2747 etiam
1126 2722 1162 2747 ut
1187 2717 1394 2758 ubicumque
1418 2718 1604 2754 exercitus,

113 2770 194 2806 apto
213 2770 325 2797 tamen
344 2767 427 2804 loco,
448 2772 619 2798 certamen
641 2767 752 2799 iniret,
770 2771 802 2797 et
820 2766 910 2797 carri
925 2771 958 2798 et
976 2772 1108 2798 carrete
1127 2778 1252 2808 aquam
1271 2772 1302 2798 et
1320 2768 1439 2799 vinum
1458 2768 1557 2799 sessis
1576 2771 1609 2797 et
