1846 3184
257 132 315 162 176
897 129 1101 160 HISTOIRE

258 224 648 265 successorumque
682 209 774 264 ejus
808 224 852 249 se
892 208 1131 258 haberent,
1184 207 1476 248 communiam
1517 222 1691 265 quoque
1713 217 1737 246 Ι)

257 278 558 334 relinquerent
599 284 642 317 et
684 287 815 316 eamq
853 275 1063 332 deinceps
1109 291 1196 316 non
1245 275 1498 316 iterarent1.
1545 274 1735 316 Proinde

256 346 371 404 regis
407 345 585 386 decreto
619 343 752 384 iidem
787 344 1031 401 burgenses
1066 342 1230 384 Poncio
1261 342 1407 384 abbati
1446 341 1735 399 quadraginta

259 413 375 455 milia
421 412 660 453 solidorum
697 411 986 462 donaverunt,
1023 418 1066 451 et
1101 411 1158 451 ita
1193 427 1276 468 pax
1313 409 1498 452 ecclesie
1536 409 1736 451 restituta

256 490 335 522 est.
374 480 558 537 Explcto
589 478 750 520 deinde
777 495 1017 536 paucorum
1053 493 1266 519 annorum
1296 477 1531 532 curriculo,
1557 476 1736 521 VViller-

257 566 367 600 mus,
399 564 544 590 comes
566 547 850 590 Nivcrnensis
869 548 900 597 2,
927 545 1123 602 ejusdem
1153 545 1337 586 ecclesie
1364 544 1460 602 paci
1483 543 1700 585 adversari
1721 555 1738 573 Γ

257 616 390 674 cepit,
424 633 521 657 nam
556 615 765 673 quasdam
800 614 1021 656 indebitas
1050 613 1394 654 consuetudines
1427 612 1468 654 in
1506 628 1552 653 ea
1583 612 1736 653 clama-

258 687 347 736 bat,
384 700 490 742 quas
518 683 798 734 VVillermus,
824 683 958 723 abbas
992 680 1351 730 Vizcliaeensis3‚
1380 689 1422 722 et
1454 680 1657 721 monachi
1692 696 1736 721 sc

258 754 420 795 debere
452 751 489 793 ei
520 751 838 792 infitiabantur.
868 750 994 793 Unde
1024 766 1186 801 comes,
1219 748 1465 806 postposita
1504 749 1585 789 Dei
1621 764 1736 789 reve-

258 821 412 872 rentia,
447 820 673 861 monachis
702 818 907 860 alimenta
945 817 1173 859 subtraxit.
1210 816 1276 858 Illi
1303 825 1445 858 autem
1476 816 1737 857 victualibus

257 895 473 937 carentes,
507 901 654 943 regem
688 883 955 926 Ludovicum
983 884 1213 940 pedestres
1246 882 1450 923 adierunt
1478 890 1519 923 et
1548 882 1585 922 ei
1616 880 1738 923 Pari-

258 954 378 996 sius4
417 960 716 1003 occurrentes,
759 952 983 993 solotenus
1031 949 1263 1007 prostrati,
1316 949 1507 990 lacrimis
1551 948 1735 999 obortis,

258 1022 480 1080 querelam
509 1036 629 1061 suam
658 1035 788 1076 super
817 1017 987 1075 injuriis
1011 1034 1031 1058 a
1050 1018 1220 1075 prefato
1248 1017 1408 1058 comite
1437 1016 1520 1058 sibi
1543 1016 1674 1057 illatis
1700 1015 1736 1056 ei

257 1091 572 1147 deposuerunt.
599 1088 764 1129 Iccirco
794 1103 883 1137 rex,
912 1085 1184 1143 compatiens
1212 1084 1438 1126 monachis
1461 1083 1738 1126 lacrimabili·

258 1166 323 1198 ter
343 1156 735 1214 conquerentibus,
757 1153 1047 1198 Vizeliacensi
1071 1153 1256 1194 ecclesie
1274 1152 1565 1194 firmissimam
1586 1168 1737 1209 pacem

259 1224 429 1266 restitui
457 1225 599 1266 fecit-5.

316 1347 479 1398 [XXV]
516 1343 652 1402 Igitur
685 1350 870 1399 propter
902 1343 982 1382 hcc
1019 1349 1061 1382 et
1095 1340 1175 1381 alia
1212 1340 1344 1381 multa
1382 1355 1514 1396 opera
1542 1338 1736 1395 justicie,

258 1430 340 1471 que
373 1411 597 1470 piissimus
630 1427 703 1451 rex
734 1408 980 1451 Ludovicus
1011 1409 1210 1465 predicte
1240 1407 1426 1448 ecclesie
1465 1415 1508 1448 et
1540 1407 1740 1464 pluribus

258 1480 353 1521 aliis
403 1479 564 1521 intuitu
610 1478 757 1519 divine
796 1476 1036 1533 majestatis
1074 1475 1296 1526 exhibuit,
1345 1491 1518 1517 necnon
1560 1484 1743 1533 propter

260 1549 471 1590 ultionem
494 1564 623 1605 quam
649 1546 693 1587 in
725 1547 875 1587 hostes
905 1544 1239 1586 Cluniacensiss
1271 1543 1457 1585 ecclesie
1484 1551 1527 1584 et
1553 1543 1743 1600 plurium

258 1617 439 1658 aliarum
466 1614 750 1657 ecclesiarum
775 1612 1037 1654 multociens
1066 1611 1278 1663 exercuit,
1307 1611 1453 1652 divina
1481 1611 1654 1652 bonitas
1678 1619 1744 1652 tot

259 1687 475 1727 bonorum
509 1699 690 1741 operum
728 1680 1127 1723 remunerationem
1163 1679 1428 1738 condignam
1463 1678 1500 1720 ei
1539 1678 1739 1720 contulit.

261 1755 351 1796 Rex
389 1752 550 1794 etenim
589 1749 735 1792 divine
771 1748 912 1807 gratia
947 1747 1163 1807 largitatis
1202 1765 1252 1788 ex
1290 1747 1369 1788 Ala
1394 1749 1421 1798 ί,
1468 1746 1742 1788 nobilissima

260 1821 433 1880 regina,
469 1836 602 1861 unum
638 1817 774 1859 filium
805 1818 972 1876 genuit.
1012 1817 1140 1858 Anno
1174 1815 1492 1857 incarnationis
1522 1814 1742 1856 dominice

259 1891 320 1931 ΜΟ
353 1890 404 1930 C⁰
434 1890 583 1939 LXV‘),
617 1887 799 1928 sabbato
837 1885 879 1926 in
914 1894 1063 1927 octava
1091 1883 1406 1942 assumptionis
1444 1884 1571 1925 beate.
1606 1882 1742 1924 Marie

325 2027 330 2032 .
359 2000 660 2040 communiumque
679 2000 737 2029 A2.

324 2068 329 2073 .
355 2047 388 2072 et
404 2043 447 2072 ad
464 2053 538 2072 eam
558 2042 617 2071 A2.

353 2084 465 2114 eidem
483 2084 563 2113 ecel.
581 2081 758 2112 adversari
773 2083 797 2111 Α
809 2082 834 2110 2.

353 2124 588 2156 Cluniacensis
607 2124 697 2154 deest
720 2123 758 2154 G.

351 2168 455 2197 Adela
474 2167 512 2197 G.

294 2014 326 2197 §rssQQ

302 2289 325 2317 1.
353 2289 398 2318 La
438 2291 595 2317 sentence.
631 2290 682 2315 est
712 2284 871 2324 analyse'e
903 2282 981 2322 plus
1015 2282 1236 2321 longuemcnt
1263 2291 1327 2321 par
1358 2281 1497 2319 Hugues
1526 2280 1566 2309 de
1599 2279 1743 2308 poitiers

259 2331 343 2360 dans
364 2329 534 2358 l'IIisloria
561 2325 793 2358 Viseliacensis
813 2323 1025 2357 monasterii,
1046 2323 1132 2352 mais
1147 2322 1339 2363 l'anonyme
1366 2326 1398 2351 et
1418 2321 1465 2351 lui
1491 2324 1568 2350 sont
1588 2319 1744 2350 d'accord

263 2372 668 2443 δ111ιῖ.1ΕΙᾹ)Ξ311151ὶ1ῗ1ηιρῑνῑ1118
687 2410 716 2439 le
734 2412 844 2438 comte
862 2406 1056 2438 Guillaume
1076 2406 1120 2435 111
1139 2405 1221 2436 e'tait
1239 2409 1328 2435 mort
1345 2409 1377 2434 et
1395 2403 1487 2435 avait
1505 2405 1556 2433 ete
1574 2403 1745 2443 remplace

262 2466 325 2495 par
347 2465 406 2483 son
425 2454 479 2482 fils
499 2453 693 2483 Guillaume
711 2451 753 2480 IV
770 2450 888 2491 (1161).

303 2497 332 2526 3.
359 2495 553 2526 Guillaume
577 2494 617 2523 de
641 2493 762 2528 Mello,
788 2501 988 2522 successeur
1010 2491 1050 2521 de
1076 2489 1164 2519 Pons
1195 2488 1235 2517 de
1257 2486 1499 2518 Montboissier
1523 2485 1582 2526 (14
1608 2485 1745 2515 octobre

265 2538 406 2608 llgillssn
436 2577 620 2608 novembre
644 2576 733 2611 1165,
761 2575 791 2605 le
821 2578 929 2604 comte
959 2574 1083 2614 profita
1110 2572 1208 2601 d'une
1236 2571 1362 2601 revoltc
1386 2570 1444 2599 des
1475 2568 1604 2598 moines
1628 2571 1744 2597 contre

262 2620 373 2650 sabbe
397 2630 484 2660 pour
508 2619 591 2648 faire
609 2617 752 2647 envahir
768 2617 798 2646 le
818 2617 1009 2645 monastero
1026 2625 1089 2655 par
1113 2614 1171 2642 des
1194 2613 1348 2642 hommes
1373 2611 1519 2640 d'armes
1538 2613 1570 2639 et
1587 2609 1745 2649 expulser

264 2662 313 2691 les
332 2662 509 2701 religieux.
531 2660 698 2701 (Chizrest,
722 2657 871 2697 Ve'zelay,
894 2658 933 2693 ll,
958 2659 995 2686 35
1013 2661 1045 2685 et
1060 2655 1162 2695 suiv.)

307 2706 333 2731 Γ).
361 2703 460 2732 Leuis
480 2702 536 2731 Vll
555 2701 628 2731 vint
644 2701 823 2729 lui-meme
841 2702 859 2727 21
878 2698 1021 2738 Vezelay
1035 2709 1040 2732 ;
1056 2697 1080 2727 il
1098 2708 1119 2737 y
1133 2695 1214 2726 etait
1233 2695 1262 2724 le
1277 2694 1441 2734 fijanvier
1458 2693 1546 2722 1167.
