1846 3184
262 54 300 82 70
928 57 1070 90 SUGER

262 141 354 173 toto
378 132 492 181 nisu,
523 140 612 173 tota
637 149 769 189 opera
794 142 954 175 terram
980 137 1072 190 ejus
1095 135 1447 193 impugnabatm,
1475 138 1549 195 qui
1574 147 1742 182 tantum

262 201 331 242 his
358 200 685 259 percellebatur
713 211 924 257 quantum

552 276 578 305 si
599 277 740 306 flumina
758 282 879 307 cuneta
898 278 1069 308 minentur

549 341 609 348 .....
628 318 752 358 pelago
772 319 960 349 subducere
981 321 1088 350 sonus
1106 320 1131 350 1.

322 378 469 429 [XIX]
507 378 676 418 Interea
717 378 902 437 contigit
926 380 1141 421 decedere
1173 381 1506 424 Curboilensem
1540 385 1743 425 comitem

264 444 748 495 Odonem‘?‚11‹›mincm
775 463 861 488 non
885 447 1124 497 hominem,
1149 448 1246 506 quia
1272 466 1357 490 non
1382 450 1637 492 rationalem
1667 452 1744 493 sed

264 512 528 570 pecoralem,
554 514 689 555 filium
710 515 928 556 Buchardi
952 516 1255 572 superbissiini
1279 517 1468 567 comitis,
1494 519 1567 576 qui
1587 519 1743 560 tumul-

264 589 415 622 tuosus
456 580 563 622 mire
596 581 985 639 magnanimitatis,
1020 591 1151 640 caput
1187 583 1516 636 sceleratorum,
1554 602 1650 627 curn
1691 587 1743 627 ad

265 664 446 705 regnum
476 648 710 705 aspiransn
740 650 926 706 quadam
955 649 1025 691 die
1051 666 1165 691 arma
1202 659 1353 692 eontra
1382 668 1528 709 regem
1551 669 1746 695 assume-

265 724 386 765 ret0,
433 716 626 774 gladium
680 716 732 757 de
780 734 908 759 manu
953 717 1222 775 porrigentis
1267 718 1463 775 recipere
1514 720 1743 772 refutavit,

265 783 423 825 astanti
458 784 634 842 conjugi
672 786 895 827 comitisse
929 785 1142 827 invective
1189 785 1249 827 sic
1283 786 1436 828 dicens
1476 804 1483 828 ε
1527 806 1547 827 (ι
1585 789 1742 839 Prebe,

267 870 287 891 «
324 851 486 893 nobilis
521 852 760 904 eomitissa,
797 853 934 895 nobili
964 853 1111 895 comiti
1147 853 1429 910 splendidum
1457 871 1607 896 ensem
1636 856 1745 897 leta-

267 937 287 958 «
324 919 487 970 bunda,
519 920 619 977 quia
645 920 718 978 qui
748 937 895 962 comes
930 937 951 962 a
984 930 1025 963 te
1060 921 1218 978 recipit
1248 937 1322 962 rex
1355 922 1487 963 hodie
1523 922 1603 964 tibi
1649 923 1749 965 red-

267 1005 287 1027 «
323 987 411 1028 det.
437 989 637 1030 »Verum
661 1005 683 1030 e
705 989 943 1041 contrario,
963 991 1055 1031 Deo
1077 990 1357 1046 disponente,
1385 989 1571 1047 contigit
1595 999 1641 1031 ut
1666 1007 1746 1032 nee

266 1055 382 1112 quod
425 1063 517 1096 erat
555 1072 635 1098 nec
673 1057 790 1114 quod
835 1074 931 1098 esse
972 1057 1146 1098 volebat
1189 1056 1305 1098 diem
1354 1058 1600 1109 excederet,
1649 1075 1748 1100 cum

266 1122 417 1164 eadem
449 1123 520 1165 die
556 1123 705 1165 lancea
742 1141 977 1182 percussus
1016 1125 1188 1166 comitis
1225 1124 1439 1181 Stephani
1464 1125 1501 1177 3,
1540 1142 1592 1167 ex
1627 1134 1751 1182 parte

268 1190 382 1248 regis
405 1191 674 1242 dimicantis,
700 1208 836 1250 regno
859 1209 1011 1249 pacem
1035 1192 1269 1234 firmaverit
1289 1201 1332 1233 et
1351 1209 1395 1233 se
1418 1201 1461 1233 et
1482 1210 1602 1234 suam
1626 1210 1751 1251 guer-

270 1275 357 1301 ram
387 1258 439 1300 ad
480 1258 639 1300 inferni
679 1260 915 1301 novissima
947 1260 1118 1301 infinite
1153 1259 1418 1301 debellando
1456 1260 1745 1302 transtulerit.

268 1329 440 1369 Mortuo
467 1326 613 1383 itaque
645 1327 734 1368 filio
770 1328 926 1369 Odone
951 1327 1125 1374 comite,
1162 1343 1308 1368 comes
1337 1327 1619 1369 Theobaldus
1649 1345 1746 1369 cum

268 1402 405 1435 matre
445 1402 488 1435 et
521 1410 600 1450 per
634 1395 844 1436 Milonem
874 1404 917 1436 et
950 1412 1028 1452 per
1053 1398 1317 1453 llugoneml’
1337 1394 1368 1445 4,
1396 1394 1749 1454 quibuscumque

268 1469 473 1520 poterant
511 1461 639 1503 donis
674 1472 716 1504 et
753 1463 867 1504 datis
904 1472 947 1504 et
982 1462 1208 1520 pollicitis,
1252 1462 1548 1504 omnimodam
1583 1463 1748 1505 dabant

268 1546 445 1587 operam
475 1538 520 1570 ut
545 1529 579 1571 si
605 1531 688 1572 hoc
715 1547 812 1572 eum
841 1530 1168 1572 collateralibus
1196 1538 1385 1571 castrum
1418 1531 1619 1588 optinere
1646 1548 1749 1589 pos-

268 1606 381 1648 sent,
409 1614 557 1656 regem
584 1598 763 1640 omnino
791 1598 1086 1640 eviscerarent
1102 1610 1136 1639 q„
1173 1600 1363 1640 Econtra
1388 1615 1463 1640 rex
1487 1607 1531 1640 et
1556 1600 1647 1649 sui,
1676 1615 1750 1641 eos

268 1665 527 1717 refellendo,
555 1682 649 1707 cum
681 1667 818 1707 multo
845 1675 888 1708 et
915 1675 1172 1723 sumptuoso
1200 1666 1350 1706 labore
1377 1666 1429 1707 ad
1455 1666 1747 1723 optinendum

267 1733 533 1782 insudasset,
581 1734 747 1791 absque
800 1733 954 1791 prefati
1002 1733 1199 1792 Hugonis
1248 1732 1590 1782 deliberatione,
1650 1733 1751 1791 quia

268 1800 440 1842 comitis
460 1817 597 1858 nepos
621 1809 712 1842 erat
732 1802 762 1851 5,
788 1800 966 1842 minime
992 1801 1148 1858 potuit.
1181 1803 1288 1842 Data
1318 1799 1453 1858 igitur
1473 1800 1541 1841 his
1569 1801 1750 1858 explen-

267 1868 334 1909 dis
362 1868 462 1909 dief
489 1877 531 1909 et
557 1869 672 1919 loco,
703 1877 907 1926 patenter
932 1869 1142 1910 malorum
1184 1884 1388 1926 presago,
1432 1867 1602 1909 scilicet
1635 1868 1752 1926 apud

265 1935 410 1977 villam
439 1936 637 1994 episcopi
668 1936 929 1978 Parisiensis
954 1936 1302 1987 Moussiaeunv,
1338 1930 1434 1977 cum
1467 1935 1750 1976 convenisse-

309 2061 349 2078 m.
376 2048 596 2088 expugnabat
611 2048 646 2078 F.

307 2101 339 2120 n.
366 2090 407 2119 ad
424 2100 567 2129 regnum
586 2089 726 2119 Francie
743 2090 915 2129 aspiraret
936 2090 969 2119 F.

308 2143 337 2161 ο.
363 2142 543 2161 assumens
562 2132 596 2160 F.

304 2185 337 2213 ρ.
364 2173 542 2212 Hugonem
557 2171 722 2207 Puisiaei,
740 2176 897 2212 nepotem
918 2171 1027 2212 ipsius
1045 2171 1173 2201 Odonis
1190 2172 1223 2200 F.

308 2226 339 2253 q.
366 2214 457 2255 regis
477 2225 567 2243 omn.
588 2214 691 2243 evise.
713 2213 901 2254 potentiam
918 2214 952 2243 F.

307 2266 334 2284 ι’,
360 2255 402 2284 ad
431 2255 655 2285 obtinendum
680 2255 765 2284 illud
794 2254 1011 2289 insudasset,
1045 2253 1184 2284 tandem
1215 2258 1327 2283 tamen
1354 2253 1554 2282 conclusum
1586 2257 1638 2282 est
1661 2253 1750 2293 quod

267 2296 396 2336 absque
411 2307 579 2326 consensu
595 2296 760 2335 Hngonis,
777 2296 829 2325 eui
846 2297 950 2326 castri
966 2296 1141 2336 possessio
1156 2294 1384 2335 competebat,
1404 2304 1442 2323 eo
1457 2293 1620 2334 nequibat
1635 2293 1750 2334 potiri.

268 2337 378 2377 Igitur
397 2337 438 2367 ad
458 2338 634 2377 negotium
651 2337 894 2377 complendum
912 2337 992 2367 data
1008 2337 1061 2367 die
1080 2338 1113 2367 F.

307 2389 331 2407 ε.
358 2379 555 2418 Mosayeum
568 2379 605 2408 B.
622 2397 660 2401 —
675 2379 905 2408 Moussiacum
924 2378 1070 2414 nomine,
1087 2389 1145 2408 rex
1163 2388 1240 2407 cum
1254 2376 1372 2406 multis
1390 2376 1579 2406 baronibus
1596 2380 1628 2406 et
1645 2377 1753 2406 eonsi-

310 2481 336 2509 'l.
363 2480 500 2510 Lucain.
517 2480 561 2513 V,
579 2481 724 2510 336-337.

307 2522 335 2550 2.
362 2521 628 2551 Probablement
645 2532 685 2551 en
706 2521 796 2550 1112.

307 2564 335 2591 3.
361 2562 513 2597 Etienne,
534 2567 643 2592 comte
659 2562 699 2592 de
718 2562 811 2592 Blois
832 2562 1051 2602 (1081-1102).

305 2605 335 2632 4.
360 2603 388 2632 Il
404 2604 504 2643 s'agit
522 2604 564 2633 ici
580 2604 619 2633 de
640 2604 777 2644 Hngues
795 2603 840 2633 du
858 2603 985 2639 puiset,
1003 2603 1094 2633 alors
1115 2604 1265 2633 enferme
1283 2604 1303 2630 Ξι
1321 2600 1614 2632 Chateaulandon.

267 2686 289 2715 F
307 2648 337 2714 5ά
361 2644 482 2680 Exact;
505 2645 535 2674 le
557 2646 636 2685 pere
657 2645 697 2674 de
718 2645 857 2682 Hugues
876 2644 969 2674 avait
985 2646 1112 2684 epouse
1128 2644 1213 2679 Alix,
1238 2654 1329 2672 soeur
1349 2641 1394 2671 du
1412 2646 1522 2672 comte
1540 2645 1580 2675 de
1601 2645 1748 2682 Corheil,

280 2697 313 2715 Au
342 2696 388 2716 es.
