1846 3184
253 145 291 173 80
921 143 1062 175 SUGER

311 223 475 273 [xxm.
495 221 599 261 Cum
619 219 789 275 igiturm
805 220 856 259 ad
873 219 991 276 pacis
1007 219 1414 260 consederatcionem
1430 220 1437 247 ¹
1456 219 1570 261 inter
1584 237 1729 278 regem

251 288 408 345 Anglic
437 296 478 328 ct
511 304 655 345 regem
685 287 826 328 Gallie
852 296 893 328 et
927 287 1129 328 comitem
1157 288 1462 329 'scobaldumn
1494 296 1580 328 tam
1606 289 1729 346 regni

251 357 482 413 optimates
514 371 640 411 quam
670 355 864 413 religiosi
897 355 974 396 viri
1011 372 1186 412 operam
1226 356 1583 406 commodarent,
1611 357 1730 411 justo

253 422 329 463 Dei
358 421 563 477 judieioo
600 421 672 479 qui
708 431 860 463 contra
893 439 1075 477 regnum
1111 423 1418 479 conspirantes
1447 423 1499 464 ad
1530 422 1731 480 propria-

251 501 377 531 rnmst
404 489 783 546 recuperationem
811 490 1087 547 querelarum
1122 498 1207 530 tam
1243 507 1389 548 regem
1419 490 1576 548 Anglie
1605 506 1731 547 quam

250 556 452 598 comitem
499 557 770 599 'l‘eobaldum
819 556 1184 614 obligaverant‘l,
1237 574 1391 598 ‹›·uerra
1449 558 1728 615 consumpti,

1235 592 1260 615 τ)

249 641 355 682 pace
377 625 513 666 nichil
538 625 776 676 lucrantes,
807 625 912 682 quid
936 624 1121 666 fecerint
1142 625 1275 683 digna
1301 626 1479 667 tandem
1504 625 1731 667 sentencia

248 693 615 745 animadvertunt,
659 709 755 735 cum
783 693 1043 734 Lancelinus
1062 727 1070 743 ,
1117 709 1262 734 comes
1291 704 1306 721 ⁷·
1330 693 1489 734 Domni
1533 692 1726 743 Martini,

250 764 472 823 querelam
501 763 780 806 Belvacensis
810 764 1056 805 conductus
1082 763 1175 804 sine
1205 780 1282 820 spe
1308 764 1597 821 recuperandi
1624 764 1729 805 ami-

249 835 415 886 serit‘23
449 837 650 893 Paganus
685 835 738 876 de
771 836 922 876 Monte
956 835 1082 885 Gaio,
1128 834 1305 891 quercla
1343 833 1473 875 castri
1509 833 1691 875 Livriaci
1715 845 1730 862 ⁸

247 902 475 959 deceptus,
509 919 605 944 cum
643 918 729 943 uno
756 918 905 943 mense
933 901 1050 942 idem
1076 910 1266 943 castrum
1290 901 1489 942 clausura
1515 901 1724 952 dirutum,

248 978 460 1027 sequente
478 986 581 1011 vero
603 970 739 1011 multo
763 969 916 1011 fortius
939 969 1126 1027 pecunia
1146 969 1262 1027 regis
1290 969 1451 1027 anglici
1481 968 1730 1010 restitutum

247 1036 582 1094 precordialiter
601 1037 790 1078 doluerit
811 1038 842 1088 33
867 1037 972 1078 Milo
998 1053 1100 1078 vero
1123 1037 1177 1078 de
1205 1038 1355 1079 Monte
1379 1036 1551 1078 Leherii
1576 1037 1731 1095 gratis-

250 1106 405 1147 simum
448 1107 502 1148 de
543 1123 692 1148 sorore
736 1106 909 1148 comitis
948 1106 1202 1164 conjugium
1241 1106 1473 1148 occasione
1507 1106 1731 1163 parentele

247 1175 402 1216 dolens
431 1183 474 1215 et
495 1175 801 1233 gemebundus
825 1173 984 1225 amisit,
1017 1190 1097 1215 nec
1120 1182 1290 1215 tantum
1316 1174 1498 1215 honoris
1518 1182 1560 1215 et
1582 1173 1730 1231 gaudii

246 1242 289 1283 in
304 1242 558 1299 receptione
575 1250 785 1300 quantum
808 1243 852 1282 in
866 1241 1055 1283 divortio
1074 1241 1463 1283 dehonestacionis
1477 1249 1520 1283 et
1543 1240 1730 1282 tristicie

245 1312 440 1370 suscepit
464 1313 491 1354 4.
518 1312 645 1367 Quod
669 1315 681 1342 ί
700 1311 878 1370 quidem
902 1313 1077 1370 egregie
1100 1312 1260 1353 factum
1280 1313 1472 1353 virorum
1488 1311 1657 1368 judic-io
1680 1328 1731 1352 ex

244 1400 292 1425 ea
333 1400 551 1425 canonum
583 1383 844 1425 auctoritate
882 1391 1154 1440 assumptum
1189 1391 1271 1434 est,
1312 1382 1385 1424 ubi
1423 1384 1506 1424 hec
1544 1383 1731 1424 habetur

248 1453 473 1494 sentencia
509 1470 516 1493 :
566 1452 867 1509 Oblzgam‘ones
907 1461 1061 1492 eontra
1084 1467 1239 1508 pacem
1274 1455 1315 1492 in
1344 1454 1514 1492 irritum
1560 1454 1730 1492 omnino

247 1521 516 1561 reducantur
536 1520 565 1560 5.

305 1587 491 1638 [XXIII].
514 1584 624 1638 Quia
646 1584 883 1626 fortissima
906 1601 1058 1643 regum
1080 1584 1276 1636 dextera,
1301 1583 1425 1625 offitii
1446 1586 1544 1641 jure
1568 1583 1728 1635 votivo,

246 1652 500 1710 reprimitur
526 1652 801 1694 tirannorum
831 1652 1028 1704 audacia,
1060 1652 1264 1710 quotiens
1291 1668 1365 1693 eos
1390 1651 1560 1710 guerriS
1591 1652 1729 1693 laces-

246 1720 322 1762 siri
339 1720 506 1773 vident,
531 1720 703 1762 infinite
718 1720 997 1779 gratulantur
1016 1736 1185 1778 rapere,
1203 1736 1420 1778 pauperes
1439 1719 1725 1770 confundere,

286 1854 327 1872 m.
354 1853 431 1872 cum
445 1842 552 1882 igitur
568 1841 660 1871 deest
677 1841 711 1871 F.

286 1896 317 1914 n.
343 1884 615 1924 componendam
633 1882 730 1912 addit
748 1883 782 1912 F.

287 1938 314 1955 0.
330 1925 423 1965 justo
436 1924 566 1964 judicio
580 1927 616 1961 A,
634 1924 718 1954 mais
733 1924 847 1959 re'crz'st
863 1924 956 1964 justo
968 1922 1097 1963 judicio
1113 1924 1149 1959 E,
1167 1923 1194 1955 G
1208 1934 1213 1954 ;
1227 1923 1320 1963 justo
1335 1933 1453 1953 eorum
1468 1922 1612 1952 arbitrio
1627 1923 1664 1959 B,
1682 1922 1723 1958 D;

243 1967 337 2008 justo
355 1967 413 1996 Dei
427 1966 557 2006 judicio
572 1966 606 1996 F.

282 2020 317 2049 p.
344 2007 523 2048 propriam
542 2008 578 2043 B,
596 2008 632 2038 E.

287 2061 319 2090 q.
344 2049 588 2089 obligaverunt
605 2050 639 2078 F.

288 2102 315 2120 r.
341 2101 454 2120 comes
473 2089 564 2120 deest
581 2090 617 2119 D.

286 2143 312 2161 s.
338 2132 472 2162 Livraci
488 2132 531 2169 B;
552 2131 678 2162 Livrici
696 2131 733 2161 D.

285 2177 309 2203 t.
335 2184 401 2213 quo
420 2173 457 2203 D.

286 2309 313 2338 1.
341 2309 433 2339 Cette
451 2309 531 2349 paix
549 2313 600 2339 est
618 2320 697 2339 sans
720 2308 821 2338 doute
840 2308 922 2337 celle
947 2307 1003 2347 qui
1023 2308 1073 2337 fut
1090 2308 1229 2337 conclue
1247 2310 1266 2336 ἐι
1283 2306 1620 2340 l'Ormeteau-Ferre',
1645 2307 1725 2345 pres

245 2350 376 2385 Gisors,
399 2361 439 2380 en
463 2361 555 2380 mars
570 2351 648 2380 1113
664 2350 820 2390 (Orderic
843 2349 941 2382 Vital,
959 2349 1012 2383 IV,
1027 2349 1191 2390 307-308).
1206 2349 1268 2378 Les
1280 2348 1367 2378 deux
1385 2348 1454 2378 rois
1468 2358 1502 2377 se
1515 2347 1727 2377 sacrifierent

244 2391 543 2432 reciproquement
557 2392 801 2432 quelques-uns
820 2390 860 2420 de
878 2391 971 2420 leurs
987 2390 1096 2419 allies.

244 2473 268 2503 B
285 2434 314 2462 2.
341 2432 558 2479 C'estae'i-dire
582 2433 683 2474 qu'on
700 2433 820 2463 enleva
838 2435 857 2461 a
878 2431 1039 2461 Lancelin
1057 2431 1087 2460 le
1107 2431 1267 2472 guidage,
1287 2442 1351 2461 unc
1366 2431 1477 2472 partic
1495 2430 1540 2460 du
1558 2432 1666 2470 pcage
1685 2429 1724 2459 de

243 2484 452 2585 heg'l'ulvliissz-y,
475 2515 733 2551 Scine-et-Oise‚
758 2519 845 2545 cant.
868 2514 1029 2545 Goncsse.
1048 2532 1088 2537 —
1107 2514 1173 2544 Sur
1190 2514 1293 2544 Pa‘i‘en
1316 2513 1356 2543 de
1377 2513 1539 2553 Montjay,
1556 2512 1630 2542 voir
1647 2512 1726 2552 plus

269 2558 551 2628 allith'lestqz-dire
569 2598 670 2638 qn'on
684 2598 732 2627 lui
750 2598 869 2627 enleva
887 2598 917 2627 le
933 2598 1078 2627 chasteau
1093 2596 1133 2626 de
1148 2597 1352 2637 Montlhfevy,
1373 2606 1437 2637 que
1452 2596 1482 2625 le
1498 2595 1549 2626 roi
1564 2594 1613 2624 lui
1633 2594 1727 2624 avait

243 2639 351 2669 rendu
369 2639 533 2679 quelques
552 2641 676 2669 anuces
692 2639 772 2679 plus
787 2642 847 2669 tot.
867 2639 946 2668 Voir
962 2650 992 2679 p.
1015 2641 1064 2669 59.

280 2683 309 2710 5.
334 2680 425 2710 Nous
444 2682 584 2710 n'avons
600 2692 662 2721 pas
680 2683 838 2711 retrouve
853 2691 888 2710 cc
900 2684 999 2716 texte,
1014 2681 1071 2721 qui
1087 2682 1200 2721 parait
1215 2681 1395 2720 emprunte
1411 2688 1475 2709 aux
1491 2676 1724 2718 Capitulaires

244 2721 303 2751 des
321 2721 390 2751 rois
410 2722 651 2763 carolingiens.
