<?xml version="1.0" encoding="UTF-8"?>
<!DOCTYPE html PUBLIC "-//W3C//DTD XHTML 1.0 Transitional//EN"
    "http://www.w3.org/TR/xhtml1/DTD/xhtml1-transitional.dtd">
<html xmlns="http://www.w3.org/1999/xhtml" xml:lang="en" lang="en">
 <head>
  <title>
</title>
<meta http-equiv="Content-Type" content="text/html;charset=utf-8" />
  <meta name='ocr-system' content='tesseract 3.04.00' />
  <meta name='ocr-capabilities' content='ocr_page ocr_carea ocr_par ocr_line ocrx_word'/>
</head>
<body>
  <div class='ocr_page' id='page_1' title='image "./viedelouislegros00sugeuoft_0158.png"; bbox 0 0 1846 3184; ppageno 0'>
   <div class='ocr_carea' id='block_1_1' title="bbox 246 157 1055 190">
    <p class='ocr_par' dir='ltr' id='par_1_1' title="bbox 246 157 1055 190">
     <span class='ocr_line' id='line_1_1' title="bbox 246 157 1055 190; baseline 0.002 -2"><span class='ocrx_word' id='word_1_1' title='bbox 246 158 306 188; x_wconf 86' lang='grc'>106</span> <span class='ocrx_word' id='word_1_2' title='bbox 912 157 1055 190; x_wconf 89' lang='lat' dir='ltr'>SUGER</span> 
     </span>
    </p>
   </div>
   <div class='ocr_carea' id='block_1_2' title="bbox 242 234 1724 1036">
    <p class='ocr_par' dir='ltr' id='par_1_2' title="bbox 242 234 1724 1036">
     <span class='ocr_line' id='line_1_2' title="bbox 247 234 1724 292; baseline 0.003 -18"><span class='ocrx_word' id='word_1_3' title='bbox 247 243 319 275; x_wconf 86' lang='lat' dir='ltr'>aut</span> <span class='ocrx_word' id='word_1_4' title='bbox 364 234 623 291; x_wconf 87' lang='lat' dir='ltr'>depopulari</span> <span class='ocrx_word' id='word_1_5' title='bbox 665 242 738 275; x_wconf 89' lang='lat' dir='ltr'>aut</span> <span class='ocrx_word' id='word_1_6' title='bbox 780 250 994 292; x_wconf 85' lang='lat' dir='ltr'>occupare</span> <span class='ocrx_word' id='word_1_7' title='bbox 1044 236 1137 276; x_wconf 89' lang='lat' dir='ltr'>solo</span> <span class='ocrx_word' id='word_1_8' title='bbox 1186 252 1272 277; x_wconf 87' lang='lat' dir='ltr'>uno</span> <span class='ocrx_word' id='word_1_9' title='bbox 1321 237 1506 287; x_wconf 85' lang='lat' dir='ltr'>barone,</span> <span class='ocrx_word' id='word_1_10' title='bbox 1555 237 1724 279; x_wconf 86' lang='lat' dir='ltr'>scilicet</span> 
     </span>
     <span class='ocr_line' id='line_1_3' title="bbox 244 302 1718 360; baseline 0.001 -16"><span class='ocrx_word' id='word_1_11' title='bbox 244 303 462 344; x_wconf 79' lang='lat' dir='ltr'>Amalrico</span> <span class='ocrx_word' id='word_1_12' title='bbox 487 302 540 343; x_wconf 88' lang='lat' dir='ltr'>de</span> <span class='ocrx_word' id='word_1_13' title='bbox 562 304 712 344; x_wconf 88' lang='lat' dir='ltr'>Monte</span> <span class='ocrx_word' id='word_1_14' title='bbox 736 302 872 353; x_wconf 85' lang='lat' dir='ltr'>Forti,</span> <span class='ocrx_word' id='word_1_15' title='bbox 896 303 986 344; x_wconf 88' lang='lat' dir='ltr'>viro</span> <span class='ocrx_word' id='word_1_16' title='bbox 1016 312 1150 344; x_wconf 80' lang='lat' dir='ltr'>marte</span> <span class='ocrx_word' id='word_1_17' title='bbox 1168 303 1262 360; x_wconf 72' lang='lat' dir='ltr'>jugi</span> <span class='ocrx_word' id='word_1_18' title='bbox 1290 304 1518 355; x_wconf 86' lang='lat' dir='ltr'>acerrimo,</span> <span class='ocrx_word' id='word_1_19' title='bbox 1544 314 1586 346; x_wconf 86' lang='lat' dir='ltr'>et</span> <span class='ocrx_word' id='word_1_20' title='bbox 1607 314 1718 346; x_wconf 88' lang='lat' dir='ltr'>stre-</span> 
     </span>
     <span class='ocr_line' id='line_1_4' title="bbox 246 369 1721 428; baseline 0.002 -18"><span class='ocrx_word' id='word_1_21' title='bbox 246 369 411 410; x_wconf 88' lang='lat' dir='ltr'>nuitate</span> <span class='ocrx_word' id='word_1_22' title='bbox 449 369 823 412; x_wconf 82' lang='lat' dir='ltr'>Vilcassinensis⁶</span> <span class='ocrx_word' id='word_1_23' title='bbox 854 370 1070 411; x_wconf 78' lang='lat' dir='ltr'>exereitus</span> <span class='ocrx_word' id='word_1_24' title='bbox 1100 371 1325 428; x_wconf 78' lang='lat' dir='ltr'>repulsus,</span> <span class='ocrx_word' id='word_1_25' title='bbox 1357 379 1429 411; x_wconf 86' lang='lat' dir='ltr'>aut</span> <span class='ocrx_word' id='word_1_26' title='bbox 1465 387 1616 428; x_wconf 86' lang='lat' dir='ltr'>parum</span> <span class='ocrx_word' id='word_1_27' title='bbox 1648 381 1721 413; x_wconf 88' lang='lat' dir='ltr'>aut</span> 
     </span>
     <span class='ocr_line' id='line_1_5' title="bbox 246 437 1722 494; baseline 0.002 -17"><span class='ocrx_word' id='word_1_28' title='bbox 246 437 381 478; x_wconf 84' lang='lat' dir='ltr'>nichil</span> <span class='ocrx_word' id='word_1_29' title='bbox 427 437 682 493; x_wconf 84' lang='lat' dir='ltr'>profiticnS,</span> <span class='ocrx_word' id='word_1_30' title='bbox 730 453 838 478; x_wconf 90' lang='lat' dir='ltr'>vana</span> <span class='ocrx_word' id='word_1_31' title='bbox 888 454 964 494; x_wconf 87' lang='lat' dir='ltr'>spe</span> <span class='ocrx_word' id='word_1_32' title='bbox 1009 438 1239 479; x_wconf 77' lang='lat' dir='ltr'>frustratus</span> <span class='ocrx_word' id='word_1_33' title='bbox 1280 438 1581 481; x_wconf 55' lang='lat' dir='ltr'>retrocessith</span> <span class='ocrx_word' id='word_1_34' title='bbox 1625 442 1722 493; x_wconf 88' lang='lat' dir='ltr'>Quo</span> 
     </span>
     <span class='ocr_line' id='line_1_6' title="bbox 246 505 1723 564; baseline 0.001 -19"><span class='ocrx_word' id='word_1_35' title='bbox 246 506 357 546; x_wconf 82' lang='lat' dir='ltr'>sacto</span> <span class='ocrx_word' id='word_1_36' title='bbox 410 513 662 546; x_wconf 89' lang='lat' dir='ltr'>nostrorum</span> <span class='ocrx_word' id='word_1_37' title='bbox 709 505 1001 546; x_wconf 66' lang='lat' dir='ltr'>modernitate</span> <span class='ocrx_word' id='word_1_38' title='bbox 1058 522 1137 546; x_wconf 88' lang='lat' dir='ltr'>nec</span> <span class='ocrx_word' id='word_1_39' title='bbox 1197 507 1431 547; x_wconf 77' lang='lat' dir='ltr'>multorum</span> <span class='ocrx_word' id='word_1_40' title='bbox 1478 515 1723 564; x_wconf 84' lang='lat' dir='ltr'>temporum</span> 
     </span>
     <span class='ocr_line' id='line_1_7' title="bbox 245 571 1724 630; baseline 0.002 -18"><span class='ocrx_word' id='word_1_41' title='bbox 245 571 505 629; x_wconf 78' lang='lat' dir='ltr'>antiquitate</span> <span class='ocrx_word' id='word_1_42' title='bbox 543 572 680 613; x_wconf 70' lang='lat' dir='ltr'>nichil</span> <span class='ocrx_word' id='word_1_43' title='bbox 722 573 880 614; x_wconf 88' lang='lat' dir='ltr'>clarius</span> <span class='ocrx_word' id='word_1_44' title='bbox 920 573 1102 614; x_wconf 84' lang='lat' dir='ltr'>Francia</span> <span class='ocrx_word' id='word_1_45' title='bbox 1148 573 1252 614; x_wconf 82' lang='lat' dir='ltr'>fecit</span> <span class='ocrx_word' id='word_1_46' title='bbox 1287 582 1360 614; x_wconf 87' lang='lat' dir='ltr'>aut</span> <span class='ocrx_word' id='word_1_47' title='bbox 1394 573 1599 630; x_wconf 80' lang='lat' dir='ltr'>potencie</span> <span class='ocrx_word' id='word_1_48' title='bbox 1649 590 1724 615; x_wconf 86' lang='lat' dir='ltr'>sue</span> 
     </span>
     <span class='ocr_line' id='line_1_8' title="bbox 243 639 1723 698; baseline 0 -17"><span class='ocrx_word' id='word_1_49' title='bbox 243 639 450 698; x_wconf 81' lang='lat' dir='ltr'>gloriam,</span> <span class='ocrx_word' id='word_1_50' title='bbox 492 639 658 680; x_wconf 88' lang='lat' dir='ltr'>viribus</span> <span class='ocrx_word' id='word_1_51' title='bbox 692 641 973 681; x_wconf 79' lang='lat' dir='ltr'>menbrorum</span> <span class='ocrx_word' id='word_1_52' title='bbox 1017 655 1192 680; x_wconf 91' lang='lat' dir='ltr'>suorum</span> <span class='ocrx_word' id='word_1_53' title='bbox 1231 640 1449 692; x_wconf 82' lang='lat' dir='ltr'>adunatis,</span> <span class='ocrx_word' id='word_1_54' title='bbox 1488 640 1723 698; x_wconf 78' lang='lat' dir='ltr'>gloriosius</span> 
     </span>
     <span class='ocr_line' id='line_1_9' title="bbox 243 707 1723 765; baseline 0.001 -17"><span class='ocrx_word' id='word_1_55' title='bbox 243 707 514 765; x_wconf 84' lang='lat' dir='ltr'>propalavit,</span> <span class='ocrx_word' id='word_1_56' title='bbox 546 724 675 764; x_wconf 87' lang='lat' dir='ltr'>quam</span> <span class='ocrx_word' id='word_1_57' title='bbox 704 724 800 749; x_wconf 90' lang='lat' dir='ltr'>cum</span> <span class='ocrx_word' id='word_1_58' title='bbox 837 724 924 748; x_wconf 90' lang='lat' dir='ltr'>uno</span> <span class='ocrx_word' id='word_1_59' title='bbox 951 707 1193 764; x_wconf 82' lang='lat' dir='ltr'>eodemque</span> <span class='ocrx_word' id='word_1_60' title='bbox 1228 709 1416 749; x_wconf 88' lang='lat' dir='ltr'>termino</span> <span class='ocrx_word' id='word_1_61' title='bbox 1453 708 1506 749; x_wconf 78' lang='lat' dir='ltr'>(le</span> <span class='ocrx_word' id='word_1_62' title='bbox 1534 708 1723 765; x_wconf 86' lang='lat' dir='ltr'>impera-</span> 
     </span>
     <span class='ocr_line' id='line_1_10' title="bbox 242 774 1724 833; baseline 0 -17"><span class='ocrx_word' id='word_1_63' title='bbox 242 784 338 816; x_wconf 85' lang='lat' dir='ltr'>tore</span> <span class='ocrx_word' id='word_1_64' title='bbox 368 791 546 816; x_wconf 90' lang='lat' dir='ltr'>romano</span> <span class='ocrx_word' id='word_1_65' title='bbox 576 784 618 816; x_wconf 91' lang='lat' dir='ltr'>et</span> <span class='ocrx_word' id='word_1_66' title='bbox 644 792 745 832; x_wconf 77' lang='lat' dir='ltr'>rege</span> <span class='ocrx_word' id='word_1_67' title='bbox 769 775 958 833; x_wconf 82' lang='lat' dir='ltr'>anglico,</span> <span class='ocrx_word' id='word_1_68' title='bbox 990 774 1093 816; x_wconf 87' lang='lat' dir='ltr'>licet</span> <span class='ocrx_word' id='word_1_69' title='bbox 1121 776 1296 825; x_wconf 82' lang='lat' dir='ltr'>absens,</span> <span class='ocrx_word' id='word_1_70' title='bbox 1326 775 1626 832; x_wconf 68' lang='lat' dir='ltr'>triumphavit.</span> <span class='ocrx_word' id='word_1_71' title='bbox 1662 777 1724 816; x_wconf 82' lang='lat' dir='ltr'>Ex</span> 
     </span>
     <span class='ocr_line' id='line_1_11' title="bbox 245 842 1722 900; baseline 0.001 -17"><span class='ocrx_word' id='word_1_72' title='bbox 245 858 329 899; x_wconf 91' lang='lat' dir='ltr'>quo</span> <span class='ocrx_word' id='word_1_73' title='bbox 364 843 559 900; x_wconf 86' lang='lat' dir='ltr'>quidem,</span> <span class='ocrx_word' id='word_1_74' title='bbox 607 842 817 885; x_wconf 76' lang='lat' dir='ltr'>suffocata</span> <span class='ocrx_word' id='word_1_75' title='bbox 855 844 1048 884; x_wconf 80' lang='lat' dir='ltr'>hostium</span> <span class='ocrx_word' id='word_1_76' title='bbox 1089 843 1311 899; x_wconf 85' lang='lat' dir='ltr'>superbia,</span> <span class='ocrx_word' id='word_1_77' title='bbox 1358 844 1475 884; x_wconf 71' lang='lat' dir='ltr'>siluit</span> <span class='ocrx_word' id='word_1_78' title='bbox 1518 853 1637 884; x_wconf 75' lang='lat' dir='ltr'>terra</span> <span class='ocrx_word' id='word_1_79' title='bbox 1679 847 1722 884; x_wconf 75' lang='lat' dir='ltr'>in</span> 
     </span>
     <span class='ocr_line' id='line_1_12' title="bbox 244 910 1720 969; baseline 0.001 -19"><span class='ocrx_word' id='word_1_80' title='bbox 244 921 467 968; x_wconf 75' lang='lat' dir='ltr'>conspectu</span> <span class='ocrx_word' id='word_1_81' title='bbox 493 913 587 968; x_wconf 75' lang='lat' dir='ltr'>ejus</span> <span class='ocrx_word' id='word_1_82' title='bbox 598 911 627 963; x_wconf 58' lang='lat'>⁶3,</span> <span class='ocrx_word' id='word_1_83' title='bbox 658 919 701 952; x_wconf 90' lang='lat' dir='ltr'>et</span> <span class='ocrx_word' id='word_1_84' title='bbox 724 927 836 968; x_wconf 89' lang='lat' dir='ltr'>pene</span> <span class='ocrx_word' id='word_1_85' title='bbox 855 911 907 951; x_wconf 87' lang='lat' dir='ltr'>ad</span> <span class='ocrx_word' id='word_1_86' title='bbox 928 926 1036 968; x_wconf 86' lang='lat' dir='ltr'>quos</span> <span class='ocrx_word' id='word_1_87' title='bbox 1062 910 1315 969; x_wconf 81' lang='lat' dir='ltr'>pertingere</span> <span class='ocrx_word' id='word_1_88' title='bbox 1338 919 1510 968; x_wconf 83' lang='lat' dir='ltr'>poterat</span> <span class='ocrx_word' id='word_1_89' title='bbox 1536 910 1720 962; x_wconf 87' lang='lat' dir='ltr'>inimici,</span> 
     </span>
     <span class='ocr_line' id='line_1_13' title="bbox 243 976 1722 1036; baseline 0.001 -18"><span class='ocrx_word' id='word_1_90' title='bbox 243 976 288 1018; x_wconf 87' lang='lat' dir='ltr'>in</span> <span class='ocrx_word' id='word_1_91' title='bbox 308 979 493 1036; x_wconf 83' lang='lat' dir='ltr'>gratiam</span> <span class='ocrx_word' id='word_1_92' title='bbox 516 979 631 1020; x_wconf 92' lang='lat' dir='ltr'>ultro</span> <span class='ocrx_word' id='word_1_93' title='bbox 647 978 670 1007; x_wconf 81' lang='lat' dir='ltr'><em>d</em></span> <span class='ocrx_word' id='word_1_94' title='bbox 697 978 949 1029; x_wconf 83' lang='lat' dir='ltr'>redeuntes,</span> <span class='ocrx_word' id='word_1_95' title='bbox 979 978 1177 1019; x_wconf 81' lang='lat' dir='ltr'>amicicie</span> <span class='ocrx_word' id='word_1_96' title='bbox 1198 978 1371 1020; x_wconf 84' lang='lat' dir='ltr'>dextras</span> <span class='ocrx_word' id='word_1_97' title='bbox 1392 978 1623 1020; x_wconf 87' lang='lat' dir='ltr'>dederunt.</span> <span class='ocrx_word' id='word_1_98' title='bbox 1650 977 1722 1020; x_wconf 83' lang='lat' dir='ltr'>Sic</span> 
     </span>
    </p>
   </div>
   <div class='ocr_carea' id='block_1_3' title="bbox 549 1088 1099 1180">
    <p class='ocr_par' dir='ltr' id='par_1_3' title="bbox 549 1088 1099 1180">
     <span class='ocr_line' id='line_1_14' title="bbox 549 1088 966 1119; baseline -0.002 0"><span class='ocrx_word' id='word_1_99' title='bbox 549 1111 690 1119; x_wconf 89' lang='grc'><strong>...........</strong></span> <span class='ocrx_word' id='word_1_100' title='bbox 716 1089 821 1118; x_wconf 83' lang='lat' dir='ltr'>Arma</span> <span class='ocrx_word' id='word_1_101' title='bbox 838 1088 966 1119; x_wconf 76' lang='lat' dir='ltr'>tenenti</span> 
     </span>
     <span class='ocr_line' id='line_1_15' title="bbox 550 1138 1099 1180; baseline 0 -12"><span class='ocrx_word' id='word_1_102' title='bbox 550 1138 669 1169; x_wconf 80' lang='lat' dir='ltr'>Omnia</span> <span class='ocrx_word' id='word_1_103' title='bbox 685 1138 756 1174; x_wconf 78' lang='lat' dir='ltr'>dat,</span> <span class='ocrx_word' id='word_1_104' title='bbox 774 1138 939 1179; x_wconf 67' lang='lat' dir='ltr'>quijlzsta</span> <span class='ocrx_word' id='word_1_105' title='bbox 956 1142 1056 1180; x_wconf 74' lang='lat' dir='ltr'>negat</span> <span class='ocrx_word' id='word_1_106' title='bbox 1075 1138 1099 1168; x_wconf 85' lang='lat'>3.</span> 
     </span>
    </p>
   </div>
   <div class='ocr_carea' id='block_1_4' title="bbox 239 1212 1723 1406">
    <p class='ocr_par' dir='ltr' id='par_1_4' title="bbox 239 1212 1723 1406">
     <span class='ocr_line' id='line_1_16' title="bbox 301 1212 1720 1270; baseline -0.001 -16"><span class='ocrx_word' id='word_1_107' title='bbox 301 1212 529 1270; x_wconf 87' lang='lat' dir='ltr'>[XXVIII.]</span> <span class='ocrx_word' id='word_1_108' title='bbox 559 1214 618 1253; x_wconf 86' lang='lat' dir='ltr'>Ea</span> <span class='ocrx_word' id='word_1_109' title='bbox 652 1212 781 1254; x_wconf 89' lang='lat' dir='ltr'>etiam</span> <span class='ocrx_word' id='word_1_110' title='bbox 812 1212 1087 1270; x_wconf 83' lang='lat' dir='ltr'>tempestatis</span> <span class='ocrx_word' id='word_1_111' title='bbox 1120 1213 1333 1269; x_wconf 86' lang='lat' dir='ltr'>temperie</span> <span class='ocrx_word' id='word_1_112' title='bbox 1352 1223 1393 1264; x_wconf 68' lang='lat' dir='ltr'>e,</span> <span class='ocrx_word' id='word_1_113' title='bbox 1432 1212 1720 1254; x_wconf 86' lang='lat' dir='ltr'>Alvernorum</span> 
     </span>
     <span class='ocr_line' id='line_1_17' title="bbox 239 1279 1723 1336; baseline 0 -16"><span class='ocrx_word' id='word_1_114' title='bbox 239 1279 436 1336; x_wconf 78' lang='lat' dir='ltr'>pontifex</span> <span class='ocrx_word' id='word_1_115' title='bbox 453 1280 872 1332; x_wconf 78' lang='lat' dir='ltr'>Claromontensis4,</span> <span class='ocrx_word' id='word_1_116' title='bbox 892 1280 959 1321; x_wconf 81' lang='lat' dir='ltr'>vir</span> <span class='ocrx_word' id='word_1_117' title='bbox 979 1282 1164 1322; x_wconf 87' lang='lat' dir='ltr'>honeste</span> <span class='ocrx_word' id='word_1_118' title='bbox 1185 1280 1272 1322; x_wconf 84' lang='lat' dir='ltr'>vite</span> <span class='ocrx_word' id='word_1_119' title='bbox 1294 1290 1335 1321; x_wconf 88' lang='lat' dir='ltr'>et</span> <span class='ocrx_word' id='word_1_120' title='bbox 1359 1280 1565 1321; x_wconf 81' lang='lat' dir='ltr'>defensor</span> <span class='ocrx_word' id='word_1_121' title='bbox 1586 1280 1723 1321; x_wconf 86' lang='lat' dir='ltr'>eccle-</span> 
     </span>
     <span class='ocr_line' id='line_1_18' title="bbox 240 1347 1722 1406; baseline 0.001 -18"><span class='ocrx_word' id='word_1_122' title='bbox 240 1347 301 1389; x_wconf 89' lang='lat' dir='ltr'>sie</span> <span class='ocrx_word' id='word_1_123' title='bbox 339 1348 539 1397; x_wconf 78' lang='lat' dir='ltr'>illustris,</span> <span class='ocrx_word' id='word_1_124' title='bbox 582 1357 622 1389; x_wconf 89' lang='lat' dir='ltr'>et</span> <span class='ocrx_word' id='word_1_125' title='bbox 661 1349 859 1406; x_wconf 85' lang='lat' dir='ltr'>pulsatus</span> <span class='ocrx_word' id='word_1_126' title='bbox 893 1358 934 1389; x_wconf 91' lang='lat' dir='ltr'>et</span> <span class='ocrx_word' id='word_1_127' title='bbox 967 1349 1119 1406; x_wconf 87' lang='lat' dir='ltr'>pulsus</span> <span class='ocrx_word' id='word_1_128' title='bbox 1142 1349 1165 1388; x_wconf 85' lang='lat' dir='ltr'><strong><em>s</em></strong></span> <span class='ocrx_word' id='word_1_129' title='bbox 1195 1348 1483 1390; x_wconf 78' lang='lat' dir='ltr'>Alvernorum</span> <span class='ocrx_word' id='word_1_130' title='bbox 1518 1349 1722 1405; x_wconf 84' lang='lat' dir='ltr'>superbia</span> 
     </span>
    </p>
   </div>
   <div class='ocr_carea' id='block_1_5' title="bbox 238 1415 1746 1518">
    <p class='ocr_par' dir='ltr' id='par_1_5' title="bbox 238 1415 1746 1518">
     <span class='ocr_line' id='line_1_19' title="bbox 238 1415 1100 1473; baseline 0 -17"><span class='ocrx_word' id='word_1_131' title='bbox 238 1431 347 1456; x_wconf 87' lang='lat' dir='ltr'>nova</span> <span class='ocrx_word' id='word_1_132' title='bbox 376 1424 418 1456; x_wconf 92' lang='lat' dir='ltr'>et</span> <span class='ocrx_word' id='word_1_133' title='bbox 445 1415 640 1473; x_wconf 86' lang='lat' dir='ltr'>antiqua,</span> <span class='ocrx_word' id='word_1_134' title='bbox 668 1432 753 1473; x_wconf 84' lang='lat' dir='ltr'>que</span> <span class='ocrx_word' id='word_1_135' title='bbox 779 1415 841 1458; x_wconf 86' lang='lat' dir='ltr'>eis</span> <span class='ocrx_word' id='word_1_136' title='bbox 867 1415 1069 1457; x_wconf 84' lang='lat' dir='ltr'>titulatur</span> <span class='ocrx_word' id='word_1_137' title='bbox 1094 1434 1100 1456; x_wconf 91' lang='lat'>:</span> 
     </span>
     <span class='ocr_line' id='line_1_20' title="bbox 1707 1490 1746 1518; baseline 0 -2"><span class='ocrx_word' id='word_1_138' title='bbox 1707 1490 1746 1518; x_wconf 72' lang='grc' dir='ltr'><strong><em>ο</em></strong></span> 
     </span>
    </p>
   </div>
   <div class='ocr_carea' id='block_1_6' title="bbox 502 1518 1266 1561">
    <p class='ocr_par' dir='ltr' id='par_1_6' title="bbox 502 1518 1266 1561">
     <span class='ocr_line' id='line_1_21' title="bbox 502 1518 1266 1561; baseline 0 -13"><span class='ocrx_word' id='word_1_139' title='bbox 502 1518 705 1559; x_wconf 77' lang='lat' dir='ltr'>Alvernz&#39;que</span> <span class='ocrx_word' id='word_1_140' title='bbox 724 1519 800 1548; x_wconf 79' lang='lat' dir='ltr'>ausi</span> <span class='ocrx_word' id='word_1_141' title='bbox 817 1519 933 1549; x_wconf 83' lang='lat' dir='ltr'>Lacios</span> <span class='ocrx_word' id='word_1_142' title='bbox 951 1530 985 1549; x_wconf 82' lang='lat' dir='ltr'>se</span> <span class='ocrx_word' id='word_1_143' title='bbox 1000 1520 1126 1561; x_wconf 58' lang='lat' dir='ltr'>fingere</span> <span class='ocrx_word' id='word_1_144' title='bbox 1142 1520 1266 1559; x_wconf 74' lang='lat' dir='ltr'>fratres</span> 
     </span>
    </p>
   </div>
   <div class='ocr_carea' id='block_1_7' title="bbox 235 1586 1723 1915">
    <p class='ocr_par' dir='ltr' id='par_1_7' title="bbox 235 1586 1723 1915">
     <span class='ocr_line' id='line_1_22' title="bbox 238 1586 1716 1645; baseline 0.001 -18"><span class='ocrx_word' id='word_1_145' title='bbox 238 1587 290 1627; x_wconf 87' lang='lat' dir='ltr'>ad</span> <span class='ocrx_word' id='word_1_146' title='bbox 318 1586 545 1628; x_wconf 86' lang='lat' dir='ltr'>dominum</span> <span class='ocrx_word' id='word_1_147' title='bbox 575 1602 724 1645; x_wconf 82' lang='lat' dir='ltr'>regem</span> <span class='ocrx_word' id='word_1_148' title='bbox 757 1588 1016 1645; x_wconf 80' lang='lat' dir='ltr'>confugiens</span> <span class='ocrx_word' id='word_1_149' title='bbox 1031 1597 1069 1638; x_wconf 53' lang='lat' dir='ltr'>g,</span> <span class='ocrx_word' id='word_1_150' title='bbox 1103 1587 1326 1644; x_wconf 83' lang='lat' dir='ltr'>querelam</span> <span class='ocrx_word' id='word_1_151' title='bbox 1363 1586 1550 1628; x_wconf 84' lang='lat' dir='ltr'>ecclesie</span> <span class='ocrx_word' id='word_1_152' title='bbox 1587 1586 1716 1628; x_wconf 84' lang='lat' dir='ltr'>lacri-</span> 
     </span>
     <span class='ocr_line' id='line_1_23' title="bbox 236 1654 1720 1711; baseline 0 -16"><span class='ocrx_word' id='word_1_153' title='bbox 236 1654 440 1696; x_wconf 85' lang='lat' dir='ltr'>mabilem</span> <span class='ocrx_word' id='word_1_154' title='bbox 473 1654 674 1711; x_wconf 86' lang='lat' dir='ltr'>deponit,</span> <span class='ocrx_word' id='word_1_155' title='bbox 714 1656 916 1696; x_wconf 88' lang='lat' dir='ltr'>comitem</span> <span class='ocrx_word' id='word_1_156' title='bbox 951 1654 1302 1696; x_wconf 72' lang='lat' dir='ltr'>Alvernensemss</span> <span class='ocrx_word' id='word_1_157' title='bbox 1335 1654 1555 1696; x_wconf 85' lang='lat' dir='ltr'>civitatem</span> <span class='ocrx_word' id='word_1_158' title='bbox 1589 1671 1720 1696; x_wconf 90' lang='lat' dir='ltr'>occu-</span> 
     </span>
     <span class='ocr_line' id='line_1_24' title="bbox 236 1722 1723 1780; baseline 0 -17"><span class='ocrx_word' id='word_1_159' title='bbox 236 1738 389 1780; x_wconf 87' lang='lat' dir='ltr'>passe,</span> <span class='ocrx_word' id='word_1_160' title='bbox 443 1722 672 1764; x_wconf 84' lang='lat' dir='ltr'>eeclesiam</span> <span class='ocrx_word' id='word_1_161' title='bbox 726 1725 858 1764; x_wconf 82' lang='lat' dir='ltr'>Beate</span> <span class='ocrx_word' id='word_1_162' title='bbox 911 1724 1048 1765; x_wconf 80' lang='lat' dir='ltr'>Marie</span> <span class='ocrx_word' id='word_1_163' title='bbox 1094 1723 1391 1780; x_wconf 86' lang='lat' dir='ltr'>episcopalem</span> <span class='ocrx_word' id='word_1_164' title='bbox 1449 1723 1607 1764; x_wconf 87' lang='lat' dir='ltr'>decani</span> <span class='ocrx_word' id='word_1_165' title='bbox 1658 1724 1723 1764; x_wconf 90' lang='lat' dir='ltr'>sui</span> 
     </span>
     <span class='ocr_line' id='line_1_25' title="bbox 235 1790 1720 1847; baseline 0 -16"><span class='ocrx_word' id='word_1_166' title='bbox 235 1790 386 1832; x_wconf 85' lang='lat' dir='ltr'>fraude</span> <span class='ocrx_word' id='word_1_167' title='bbox 415 1791 549 1832; x_wconf 89' lang='lat' dir='ltr'>multa</span> <span class='ocrx_word' id='word_1_168' title='bbox 576 1790 797 1832; x_wconf 81' lang='lat' dir='ltr'>tirannide</span> <span class='ocrx_word' id='word_1_169' title='bbox 823 1790 1073 1832; x_wconf 85' lang='lat' dir='ltr'>munivisse.</span> <span class='ocrx_word' id='word_1_170' title='bbox 1106 1790 1355 1833; x_wconf 86' lang='lat' dir='ltr'>Renitentis</span> <span class='ocrx_word' id='word_1_171' title='bbox 1378 1790 1507 1832; x_wconf 88' lang='lat' dir='ltr'>etiam</span> <span class='ocrx_word' id='word_1_172' title='bbox 1533 1790 1720 1847; x_wconf 84' lang='lat' dir='ltr'>pedibus</span> 
     </span>
     <span class='ocr_line' id='line_1_26' title="bbox 236 1858 1714 1915; baseline -0.001 -15"><span class='ocrx_word' id='word_1_173' title='bbox 236 1859 513 1915; x_wconf 82' lang='lat' dir='ltr'>provolutus,</span> <span class='ocrx_word' id='word_1_174' title='bbox 556 1858 838 1900; x_wconf 68' lang='lat' dir='ltr'>ancillatamh</span> <span class='ocrx_word' id='word_1_175' title='bbox 884 1858 1115 1900; x_wconf 83' lang='lat' dir='ltr'>ecclesiam</span> <span class='ocrx_word' id='word_1_176' title='bbox 1170 1858 1445 1905; x_wconf 76' lang='lat' dir='ltr'>exancillari,</span> <span class='ocrx_word' id='word_1_177' title='bbox 1494 1858 1714 1900; x_wconf 82' lang='lat' dir='ltr'>tirannum</span> 
     </span>
    </p>
   </div>
   <div class='ocr_carea' id='block_1_8' title="bbox 273 1969 1443 2175">
    <p class='ocr_par' dir='ltr' id='par_1_8' title="bbox 276 1969 657 2000">
     <span class='ocr_line' id='line_1_27' title="bbox 276 1969 657 2000; baseline 0.005 -2"><span class='ocrx_word' id='word_1_178' title='bbox 276 1981 303 1999; x_wconf 85' lang='lat' dir='ltr'>c.</span> <span class='ocrx_word' id='word_1_179' title='bbox 330 1969 606 1999; x_wconf 80' lang='lat' dir='ltr'>vulcassinensis</span> <span class='ocrx_word' id='word_1_180' title='bbox 622 1970 657 2000; x_wconf 87' lang='lat' dir='ltr'>F.</span> 
     </span>
    </p>

    <p class='ocr_par' dir='ltr' id='par_1_9' title="bbox 276 2010 589 2041">
     <span class='ocr_line' id='line_1_28' title="bbox 276 2010 589 2041; baseline 0.003 -1"><span class='ocrx_word' id='word_1_181' title='bbox 276 2010 308 2040; x_wconf 75' lang='lat' dir='ltr'>(I.</span> <span class='ocrx_word' id='word_1_182' title='bbox 334 2011 424 2040; x_wconf 83' lang='lat' dir='ltr'>ultro</span> <span class='ocrx_word' id='word_1_183' title='bbox 442 2010 533 2040; x_wconf 75' lang='lat' dir='ltr'>deest</span> <span class='ocrx_word' id='word_1_184' title='bbox 551 2011 589 2041; x_wconf 86' lang='lat' dir='ltr'>D.</span> 
     </span>
    </p>

    <p class='ocr_par' dir='ltr' id='par_1_10' title="bbox 275 2052 799 2082">
     <span class='ocr_line' id='line_1_29' title="bbox 275 2052 799 2082; baseline 0.002 -1"><span class='ocrx_word' id='word_1_185' title='bbox 275 2064 303 2082; x_wconf 83' lang='lat' dir='ltr'>e.</span> <span class='ocrx_word' id='word_1_186' title='bbox 328 2052 393 2081; x_wconf 85' lang='lat' dir='ltr'>isto</span> <span class='ocrx_word' id='word_1_187' title='bbox 412 2063 500 2082; x_wconf 86' lang='lat' dir='ltr'>anno</span> <span class='ocrx_word' id='word_1_188' title='bbox 516 2053 743 2082; x_wconf 77' lang='lat' dir='ltr'>Alvernorum</span> <span class='ocrx_word' id='word_1_189' title='bbox 764 2053 799 2082; x_wconf 93' lang='lat' dir='ltr'>F.</span> 
     </span>
    </p>

    <p class='ocr_par' dir='ltr' id='par_1_11' title="bbox 273 2093 697 2134">
     <span class='ocr_line' id='line_1_30' title="bbox 273 2093 697 2134; baseline 0.005 -12"><span class='ocrx_word' id='word_1_190' title='bbox 273 2095 299 2134; x_wconf 79' lang='lat' dir='ltr'>s.</span> <span class='ocrx_word' id='word_1_191' title='bbox 325 2093 447 2133; x_wconf 86' lang='lat' dir='ltr'>pulsus</span> <span class='ocrx_word' id='word_1_192' title='bbox 466 2098 517 2123; x_wconf 86' lang='lat' dir='ltr'>est</span> <span class='ocrx_word' id='word_1_193' title='bbox 534 2104 553 2123; x_wconf 80' lang='lat' dir='ltr'>a</span> <span class='ocrx_word' id='word_1_194' title='bbox 570 2094 647 2123; x_wconf 86' lang='lat' dir='ltr'>sede</span> <span class='ocrx_word' id='word_1_195' title='bbox 663 2094 697 2124; x_wconf 88' lang='lat' dir='ltr'>F.</span> 
     </span>
    </p>

    <p class='ocr_par' dir='ltr' id='par_1_12' title="bbox 277 2135 1443 2175">
     <span class='ocr_line' id='line_1_31' title="bbox 277 2135 1443 2175; baseline 0.001 -12"><span class='ocrx_word' id='word_1_196' title='bbox 277 2146 305 2164; x_wconf 77' lang='lat'>⁰.</span> <span class='ocrx_word' id='word_1_197' title='bbox 333 2135 361 2163; x_wconf 87' lang='lat' dir='ltr'>is</span> <span class='ocrx_word' id='word_1_198' title='bbox 377 2135 483 2174; x_wconf 82' lang='lat' dir='ltr'>igitur</span> <span class='ocrx_word' id='word_1_199' title='bbox 501 2135 701 2175; x_wconf 79' lang='lat' dir='ltr'>confugiens</span> <span class='ocrx_word' id='word_1_200' title='bbox 721 2135 762 2164; x_wconf 82' lang='lat' dir='ltr'>ad</span> <span class='ocrx_word' id='word_1_201' title='bbox 778 2135 866 2165; x_wconf 89' lang='lat' dir='ltr'>dom.</span> <span class='ocrx_word' id='word_1_202' title='bbox 888 2145 1004 2175; x_wconf 83' lang='lat' dir='ltr'>regem</span> <span class='ocrx_word' id='word_1_203' title='bbox 1025 2136 1163 2165; x_wconf 83' lang='lat' dir='ltr'>Francie</span> <span class='ocrx_word' id='word_1_204' title='bbox 1182 2135 1393 2166; x_wconf 88' lang='lat' dir='ltr'>Ludovicum</span> <span class='ocrx_word' id='word_1_205' title='bbox 1410 2135 1443 2165; x_wconf 90' lang='lat' dir='ltr'>F.</span> 
     </span>
    </p>
   </div>
   <div class='ocr_carea' id='block_1_9' title="bbox 271 2158 550 2206">
    <p class='ocr_par' dir='ltr' id='par_1_13' title="bbox 271 2158 550 2206">
     <span class='ocr_line' id='line_1_32' title="bbox 271 2158 550 2206; baseline 0.007 -2"><span class='ocrx_word' id='word_1_206' title='bbox 271 2158 305 2205; x_wconf 58' lang='grc'>71.</span> <span class='ocrx_word' id='word_1_207' title='bbox 333 2176 494 2205; x_wconf 84' lang='lat' dir='ltr'>ancillam</span> <span class='ocrx_word' id='word_1_208' title='bbox 514 2176 550 2206; x_wconf 86' lang='lat' dir='ltr'>F.</span> 
     </span>
    </p>
   </div>
   <div class='ocr_carea' id='block_1_10' title="bbox 235 2305 1718 2758">
    <p class='ocr_par' dir='ltr' id='par_1_14' title="bbox 235 2305 1718 2552">
     <span class='ocr_line' id='line_1_33' title="bbox 276 2305 1718 2346; baseline 0 -12"><span class='ocrx_word' id='word_1_209' title='bbox 276 2305 304 2334; x_wconf 82' lang='grc'>1,</span> <span class='ocrx_word' id='word_1_210' title='bbox 330 2306 445 2334; x_wconf 86' lang='lat' dir='ltr'>Aucun</span> <span class='ocrx_word' id='word_1_211' title='bbox 465 2309 560 2335; x_wconf 86' lang='lat' dir='ltr'>autre</span> <span class='ocrx_word' id='word_1_212' title='bbox 578 2305 743 2335; x_wconf 84' lang='lat' dir='ltr'>historien</span> <span class='ocrx_word' id='word_1_213' title='bbox 759 2316 799 2334; x_wconf 92' lang='lat' dir='ltr'>ne</span> <span class='ocrx_word' id='word_1_214' title='bbox 818 2305 913 2345; x_wconf 84' lang='lat' dir='ltr'>parle</span> <span class='ocrx_word' id='word_1_215' title='bbox 931 2305 1029 2334; x_wconf 76' lang='lat' dir='ltr'>(l&#39;unc</span> <span class='ocrx_word' id='word_1_216' title='bbox 1044 2305 1201 2335; x_wconf 81' lang='lat' dir='ltr'>invasion</span> <span class='ocrx_word' id='word_1_217' title='bbox 1217 2305 1257 2335; x_wconf 86' lang='lat' dir='ltr'>de</span> <span class='ocrx_word' id='word_1_218' title='bbox 1275 2306 1309 2335; x_wconf 86' lang='lat' dir='ltr'>la</span> <span class='ocrx_word' id='word_1_219' title='bbox 1323 2305 1450 2335; x_wconf 87' lang='lat' dir='ltr'>Franee</span> <span class='ocrx_word' id='word_1_220' title='bbox 1474 2316 1537 2346; x_wconf 85' lang='lat' dir='ltr'>par</span> <span class='ocrx_word' id='word_1_221' title='bbox 1554 2305 1657 2335; x_wconf 75' lang='lat' dir='ltr'>Heni-i</span> <span class='ocrx_word' id='word_1_222' title='bbox 1679 2306 1718 2334; x_wconf 72' lang='lat' dir='ltr'>Ier</span> 
     </span>
     <span class='ocr_line' id='line_1_34' title="bbox 237 2346 1717 2387; baseline 0 -12"><span class='ocrx_word' id='word_1_223' title='bbox 237 2356 277 2375; x_wconf 80' lang='lat' dir='ltr'>cn</span> <span class='ocrx_word' id='word_1_224' title='bbox 296 2346 393 2382; x_wconf 63' lang='lat'>‘1‘1‘243</span> <span class='ocrx_word' id='word_1_225' title='bbox 412 2357 448 2375; x_wconf 79' lang='lat' dir='ltr'>cc</span> <span class='ocrx_word' id='word_1_226' title='bbox 467 2346 583 2386; x_wconf 83' lang='lat' dir='ltr'>prince</span> <span class='ocrx_word' id='word_1_227' title='bbox 597 2347 724 2387; x_wconf 86' lang='lat' dir='ltr'>profita</span> <span class='ocrx_word' id='word_1_228' title='bbox 745 2347 933 2376; x_wconf 78' lang='lat' dir='ltr'>seulement</span> <span class='ocrx_word' id='word_1_229' title='bbox 950 2347 990 2376; x_wconf 76' lang='lat' dir='ltr'>dc</span> <span class='ocrx_word' id='word_1_230' title='bbox 1009 2347 1189 2376; x_wconf 70' lang='lat' dir='ltr'>l&#39;occasion</span> <span class='ocrx_word' id='word_1_231' title='bbox 1213 2358 1301 2387; x_wconf 82' lang='lat' dir='ltr'>pour</span> <span class='ocrx_word' id='word_1_232' title='bbox 1326 2349 1462 2376; x_wconf 76' lang='lat' dir='ltr'>ecraser</span> <span class='ocrx_word' id='word_1_233' title='bbox 1486 2347 1517 2376; x_wconf 85' lang='lat' dir='ltr'>le</span> <span class='ocrx_word' id='word_1_234' title='bbox 1544 2351 1652 2376; x_wconf 82' lang='lat' dir='ltr'>comte</span> <span class='ocrx_word' id='word_1_235' title='bbox 1677 2346 1717 2375; x_wconf 80' lang='lat' dir='ltr'>de</span> 
     </span>
     <span class='ocr_line' id='line_1_35' title="bbox 235 2387 1715 2428; baseline 0.001 -12"><span class='ocrx_word' id='word_1_236' title='bbox 235 2388 380 2423; x_wconf 81' lang='lat' dir='ltr'>Meulan,</span> <span class='ocrx_word' id='word_1_237' title='bbox 405 2387 563 2423; x_wconf 81' lang='lat' dir='ltr'>Galeran,</span> <span class='ocrx_word' id='word_1_238' title='bbox 583 2388 712 2417; x_wconf 68' lang='lat' dir='ltr'>revolte</span> <span class='ocrx_word' id='word_1_239' title='bbox 733 2392 848 2417; x_wconf 70' lang='lat' dir='ltr'>contre</span> <span class='ocrx_word' id='word_1_240' title='bbox 866 2388 924 2417; x_wconf 84' lang='lat' dir='ltr'>lui.</span> <span class='ocrx_word' id='word_1_241' title='bbox 955 2388 1000 2418; x_wconf 89' lang='lat' dir='ltr'>La</span> <span class='ocrx_word' id='word_1_242' title='bbox 1023 2388 1163 2417; x_wconf 83' lang='lat' dir='ltr'>victoire</span> <span class='ocrx_word' id='word_1_243' title='bbox 1190 2388 1229 2417; x_wconf 86' lang='lat' dir='ltr'>de</span> <span class='ocrx_word' id='word_1_244' title='bbox 1253 2388 1519 2428; x_wconf 83' lang='lat' dir='ltr'>Rougemoutier</span> <span class='ocrx_word' id='word_1_245' title='bbox 1541 2399 1661 2417; x_wconf 81' lang='lat' dir='ltr'>amena</span> <span class='ocrx_word' id='word_1_246' title='bbox 1682 2388 1715 2417; x_wconf 84' lang='lat' dir='ltr'>la</span> 
     </span>
     <span class='ocr_line' id='line_1_36' title="bbox 237 2429 1715 2469; baseline 0.001 -12"><span class='ocrx_word' id='word_1_247' title='bbox 237 2429 454 2468; x_wconf 81' lang='lat' dir='ltr'>pacification</span> <span class='ocrx_word' id='word_1_248' title='bbox 479 2429 646 2469; x_wconf 73' lang='lat' dir='ltr'>complete</span> <span class='ocrx_word' id='word_1_249' title='bbox 670 2429 710 2458; x_wconf 85' lang='lat' dir='ltr'>de</span> <span class='ocrx_word' id='word_1_250' title='bbox 733 2429 766 2458; x_wconf 88' lang='lat' dir='ltr'>la</span> <span class='ocrx_word' id='word_1_251' title='bbox 790 2429 997 2459; x_wconf 84' lang='lat' dir='ltr'>Norlnaudie</span> <span class='ocrx_word' id='word_1_252' title='bbox 1016 2429 1182 2469; x_wconf 58' lang='lat' dir='ltr'>(ordene,</span> <span class='ocrx_word' id='word_1_253' title='bbox 1203 2430 1339 2465; x_wconf 11' lang='lat' dir='ltr'>1V„455</span> <span class='ocrx_word' id='word_1_254' title='bbox 1359 2434 1391 2459; x_wconf 83' lang='lat' dir='ltr'>et</span> <span class='ocrx_word' id='word_1_255' title='bbox 1415 2429 1521 2464; x_wconf 86' lang='lat' dir='ltr'>suiv.;</span> <span class='ocrx_word' id='word_1_256' title='bbox 1547 2429 1650 2459; x_wconf 81' lang='lat' dir='ltr'>chri</span> <span class='ocrx_word' id='word_1_257' title='bbox 1675 2429 1715 2458; x_wconf 86' lang='lat' dir='ltr'>de</span> 
     </span>
     <span class='ocr_line' id='line_1_37' title="bbox 236 2469 1715 2510; baseline 0.001 -12"><span class='ocrx_word' id='word_1_258' title='bbox 236 2469 474 2509; x_wconf 79' lang='lat' dir='ltr'>Huntingdon‚</span> <span class='ocrx_word' id='word_1_259' title='bbox 495 2471 578 2508; x_wconf 60' lang='lat'>245).</span> <span class='ocrx_word' id='word_1_260' title='bbox 603 2470 742 2500; x_wconf 82' lang='lat' dir='ltr'>Amauri</span> <span class='ocrx_word' id='word_1_261' title='bbox 759 2470 799 2499; x_wconf 87' lang='lat' dir='ltr'>de</span> <span class='ocrx_word' id='word_1_262' title='bbox 817 2471 979 2500; x_wconf 78' lang='lat' dir='ltr'>Montsort</span> <span class='ocrx_word' id='word_1_263' title='bbox 994 2482 1013 2510; x_wconf 69' lang='lat' dir='ltr'>y</span> <span class='ocrx_word' id='word_1_264' title='bbox 1034 2472 1082 2500; x_wconf 82' lang='lat' dir='ltr'>fut</span> <span class='ocrx_word' id='word_1_265' title='bbox 1102 2471 1187 2510; x_wconf 79' lang='lat' dir='ltr'>pris,</span> <span class='ocrx_word' id='word_1_266' title='bbox 1208 2470 1295 2500; x_wconf 84' lang='lat' dir='ltr'>mais</span> <span class='ocrx_word' id='word_1_267' title='bbox 1319 2471 1453 2500; x_wconf 64' lang='lat' dir='ltr'>relachtj¹</span> <span class='ocrx_word' id='word_1_268' title='bbox 1474 2481 1537 2510; x_wconf 83' lang='lat' dir='ltr'>par</span> <span class='ocrx_word' id='word_1_269' title='bbox 1558 2471 1607 2500; x_wconf 74' lang='lat' dir='ltr'>les</span> <span class='ocrx_word' id='word_1_270' title='bbox 1629 2471 1715 2500; x_wconf 77' lang='lat' dir='ltr'>Nox·-</span> 
     </span>
     <span class='ocr_line' id='line_1_38' title="bbox 236 2511 1477 2552; baseline 0.001 -12"><span class='ocrx_word' id='word_1_271' title='bbox 236 2511 368 2546; x_wconf 72' lang='lat' dir='ltr'>mands,</span> <span class='ocrx_word' id='word_1_272' title='bbox 389 2511 445 2551; x_wconf 86' lang='lat' dir='ltr'>qui</span> <span class='ocrx_word' id='word_1_273' title='bbox 462 2511 677 2552; x_wconf 78' lang='lat' dir='ltr'>craignaient</span> <span class='ocrx_word' id='word_1_274' title='bbox 694 2522 782 2551; x_wconf 86' lang='lat' dir='ltr'>pour</span> <span class='ocrx_word' id='word_1_275' title='bbox 796 2512 843 2540; x_wconf 87' lang='lat' dir='ltr'>lui</span> <span class='ocrx_word' id='word_1_276' title='bbox 863 2512 911 2541; x_wconf 84' lang='lat' dir='ltr'>les</span> <span class='ocrx_word' id='word_1_277' title='bbox 927 2512 1085 2551; x_wconf 81' lang='lat' dir='ltr'>rigueurs</span> <span class='ocrx_word' id='word_1_278' title='bbox 1105 2512 1149 2540; x_wconf 88' lang='lat' dir='ltr'>du</span> <span class='ocrx_word' id='word_1_279' title='bbox 1165 2512 1213 2541; x_wconf 83' lang='lat' dir='ltr'>roi</span> <span class='ocrx_word' id='word_1_280' title='bbox 1233 2512 1477 2552; x_wconf 71' lang='lat' dir='ltr'>d&#39;Angletcrre.</span> 
     </span>
    </p>

    <p class='ocr_par' dir='ltr' id='par_1_15' title="bbox 276 2553 1194 2594">
     <span class='ocr_line' id='line_1_39' title="bbox 276 2553 1194 2594; baseline 0.001 -13"><span class='ocrx_word' id='word_1_281' title='bbox 276 2553 304 2582; x_wconf 77' lang='lat'>2.</span> <span class='ocrx_word' id='word_1_282' title='bbox 329 2553 544 2587; x_wconf 66' lang='lat' dir='ltr'>Machabces,</span> <span class='ocrx_word' id='word_1_283' title='bbox 566 2554 589 2587; x_wconf 85' lang='grc' dir='ltr'>Ι,</span> <span class='ocrx_word' id='word_1_284' title='bbox 607 2564 633 2581; x_wconf 85' lang='lat' dir='ltr'>c.</span> <span class='ocrx_word' id='word_1_285' title='bbox 656 2553 681 2588; x_wconf 80' lang='lat' dir='ltr'>l,</span> <span class='ocrx_word' id='word_1_286' title='bbox 699 2554 735 2589; x_wconf 82' lang='lat'>3;</span> <span class='ocrx_word' id='word_1_287' title='bbox 757 2557 899 2582; x_wconf 75' lang='lat' dir='ltr'>souvent</span> <span class='ocrx_word' id='word_1_288' title='bbox 913 2553 977 2583; x_wconf 65' lang='lat' dir='ltr'>cit&lt;-</span> <span class='ocrx_word' id='word_1_289' title='bbox 992 2564 1055 2594; x_wconf 90' lang='lat' dir='ltr'>par</span> <span class='ocrx_word' id='word_1_290' title='bbox 1073 2554 1194 2593; x_wconf 83' lang='lat' dir='ltr'>Suger.</span> 
     </span>
    </p>

    <p class='ocr_par' dir='ltr' id='par_1_16' title="bbox 276 2593 674 2630">
     <span class='ocr_line' id='line_1_40' title="bbox 276 2593 674 2630; baseline 0.003 -8"><span class='ocrx_word' id='word_1_291' title='bbox 276 2595 304 2622; x_wconf 97' lang='lat'>3.</span> <span class='ocrx_word' id='word_1_292' title='bbox 330 2593 468 2630; x_wconf 72' lang='lat' dir='ltr'>Lucam,</span> <span class='ocrx_word' id='word_1_293' title='bbox 490 2595 513 2629; x_wconf 71' lang='grc' dir='ltr'>Ι,</span> <span class='ocrx_word' id='word_1_294' title='bbox 531 2595 674 2623; x_wconf 66' lang='lat'>348-349.</span> 
     </span>
    </p>

    <p class='ocr_par' dir='ltr' id='par_1_17' title="bbox 273 2634 1599 2676">
     <span class='ocr_line' id='line_1_41' title="bbox 273 2634 1599 2676; baseline 0 -13"><span class='ocrx_word' id='word_1_295' title='bbox 273 2636 304 2664; x_wconf 76' lang='lat'>4.</span> <span class='ocrx_word' id='word_1_296' title='bbox 329 2635 466 2670; x_wconf 80' lang='lat' dir='ltr'>Aimeri,</span> <span class='ocrx_word' id='word_1_297' title='bbox 485 2635 571 2664; x_wconf 72' lang='lat' dir='ltr'>abbe</span> <span class='ocrx_word' id='word_1_298' title='bbox 586 2635 626 2664; x_wconf 85' lang='lat' dir='ltr'>de</span> <span class='ocrx_word' id='word_1_299' title='bbox 645 2635 677 2665; x_wconf 86' lang='lat' dir='ltr'>la</span> <span class='ocrx_word' id='word_1_300' title='bbox 696 2634 936 2671; x_wconf 80' lang='lat' dir='ltr'>Chaise-Dieu,</span> <span class='ocrx_word' id='word_1_301' title='bbox 953 2636 1007 2665; x_wconf 69' lang='lat' dir='ltr'>clu</span> <span class='ocrx_word' id='word_1_302' title='bbox 1023 2637 1149 2676; x_wconf 71' lang='lat' dir='ltr'>eveque</span> <span class='ocrx_word' id='word_1_303' title='bbox 1165 2635 1205 2665; x_wconf 90' lang='lat' dir='ltr'>de</span> <span class='ocrx_word' id='word_1_304' title='bbox 1224 2635 1398 2664; x_wconf 83' lang='lat' dir='ltr'>Clermont</span> <span class='ocrx_word' id='word_1_305' title='bbox 1417 2645 1493 2665; x_wconf 78' lang='lat' dir='ltr'>vers</span> <span class='ocrx_word' id='word_1_306' title='bbox 1510 2635 1599 2664; x_wconf 79' lang='lat'>1111.</span> 
     </span>
    </p>

    <p class='ocr_par' dir='ltr' id='par_1_18' title="bbox 277 2676 1207 2717">
     <span class='ocr_line' id='line_1_42' title="bbox 277 2676 1207 2717; baseline 0 -12"><span class='ocrx_word' id='word_1_307' title='bbox 277 2678 305 2705; x_wconf 83' lang='lat'>5.</span> <span class='ocrx_word' id='word_1_308' title='bbox 332 2676 469 2712; x_wconf 84' lang='lat' dir='ltr'>Lucain,</span> <span class='ocrx_word' id='word_1_309' title='bbox 490 2677 515 2711; x_wconf 86' lang='lat'>1,</span> <span class='ocrx_word' id='word_1_310' title='bbox 536 2678 605 2706; x_wconf 69' lang='lat'>427.</span> <span class='ocrx_word' id='word_1_311' title='bbox 624 2676 667 2706; x_wconf 88' lang='lat' dir='ltr'>Le</span> <span class='ocrx_word' id='word_1_312' title='bbox 684 2680 772 2705; x_wconf 80' lang='lat' dir='ltr'>texte</span> <span class='ocrx_word' id='word_1_313' title='bbox 788 2676 829 2705; x_wconf 87' lang='lat' dir='ltr'>de</span> <span class='ocrx_word' id='word_1_314' title='bbox 844 2676 969 2706; x_wconf 81' lang='lat' dir='ltr'>Lucain</span> <span class='ocrx_word' id='word_1_315' title='bbox 989 2680 1087 2717; x_wconf 86' lang='lat' dir='ltr'>porte</span> <span class='ocrx_word' id='word_1_316' title='bbox 1102 2676 1207 2706; x_wconf 78' lang='lat' dir='ltr'>Latio.</span> 
     </span>
    </p>

    <p class='ocr_par' dir='ltr' id='par_1_19' title="bbox 277 2717 815 2758">
     <span class='ocr_line' id='line_1_43' title="bbox 277 2717 815 2758; baseline 0.004 -13"><span class='ocrx_word' id='word_1_317' title='bbox 277 2718 305 2746; x_wconf 84' lang='grc'>6,</span> <span class='ocrx_word' id='word_1_318' title='bbox 331 2717 525 2747; x_wconf 80' lang='lat' dir='ltr'>Guillaume</span> <span class='ocrx_word' id='word_1_319' title='bbox 538 2718 579 2747; x_wconf 87' lang='lat' dir='ltr'>Vl</span> <span class='ocrx_word' id='word_1_320' title='bbox 600 2718 815 2758; x_wconf 76' lang='lat'>(1096-1136).</span> 
     </span>
    </p>
   </div>
  </div>
 </body>
</html>
