1846 3184
229 150 269 178 74
900 143 1041 176 SUGER

228 233 452 291 inopinata
481 231 648 273 ultione
679 230 949 288 inopinatam
983 230 1185 286 injuriam
1218 238 1393 270 strenue
1420 228 1571 270 ulcisci
1600 244 1705 270 eon-

229 301 434 359 tingeret.
466 301 627 342 Verum
661 299 827 348 hostes,
867 297 1044 355 cognito
1076 299 1168 352 ejus
1200 297 1404 346 adventu,
1436 295 1706 336 mirabantur

228 369 491 410 fauctionem
538 366 647 407 adeo
696 365 878 407 celatam
920 365 957 406 ei
1006 365 1272 415 innotuisse,
1312 363 1395 404 iter
1434 363 1703 404 Flandrense

228 437 373 478 subito
407 435 767 492 postposuisset,
809 434 860 474 ad
894 432 1222 490 sull'raganduni
1258 448 1343 472 11011
1384 440 1469 472 tam
1505 430 1708 472 celeriter

229 505 402 546 venisse
443 519 571 560 quam
615 502 825 543 evolasse.
879 502 1077 557 Cumque
1118 499 1253 541 nichil
1299 499 1415 541 aliud
1465 499 1711 540 11011011ῒο51ι

232 572 362 614 castri
392 570 667 612 restitueioni
697 569 930 619 insistunt,
960 585 1033 609 lex
1062 567 1359 625 propinquum
1394 583 1473 624 pro
1506 566 1708 607 facultate

231 639 400 697 colligit
424 639 678 687 exereitum,
707 636 856 678 multis
878 636 994 677 0111111
1014 651 1110 676 011111
1134 634 1176 675 111
1198 634 1307 676 10015
1329 650 1484 687 ouerra
1507 634 1705 692 urgebat

232 708 430 764 Cumque
464 706 656 746 instante
697 704 768 746 die
810 703 959 745 maltis
998 701 1236 744 exereitum
1282 680 1554 751 eduxissetv,
1596 700 1709 741 acies

231 772 474 831 componit,
498 772 632 813 duces
656 771 878 829 pieponit
904 769 1153 828 sagittaiios
1179 777 1221 810 ct
1238 768 1487 810 balistarios
1512 768 1609 809 loco
1633 783 1710 809 suo

230 840 433 900 opponit,
473 848 516 882 et
545 839 817 896 pedetentim
847 846 990 880 castro
1016 838 1159 878 adhue
1188 836 1445 894 imperfecto
1471 835 1711 893 appropin-

232 925 388 967 quam,
413 909 618 966 quoniam
646 907 843 948 audierat
865 905 1069 947 comitem
1090 905 1360 947 Teobaldum
1384 920 1428 945 se
1447 903 1712 960 jactitassew

232 985 385 1019 contra
429 992 526 1017 eum
566 974 610 1016 in
656 991 810 1031 campo
849 973 1076 1024 dimicare,
1112 981 1321 1015 consueta
1356 971 1714 1030 magnanimitate

232 1045 368 1104 pedes
387 1052 576 1085 armatus
593 1043 708 1084 inter
725 1050 912 1083 armatos
930 1042 1178 1091 descendit,
1195 1057 1331 1098 equos
1349 1039 1712 1095 removerijnbet,

234 1126 343 1167 quos
378 1108 650 1150 descendere
694 1123 841 1148 secum
883 1107 1045 1148 fecerat
1086 1107 1137 1147 ad
1178 1104 1403 1147 audaciam
1443 1104 1614 1153 invitat,
1659 1120 1712 1145 ne

234 1174 466 1215 flectantur
494 1172 724 1223 sollicitat,
758 1180 805 1212 ut
832 1171 1068 1212 fortissime
1094 1170 1307 1212 dimicent
1335 1170 1540 1210 clamatr.
1573 1171 1713 1222 Quem

234 1254 331 1280 cum
360 1238 468 1278 adeo
494 1245 670 1277 strenue
697 1235 944 1277 venientem
970 1236 1119 1276 hostes
1143 1244 1185 1276 et
1204 1234 1406 1276 viderent
1436 1242 1479 1274 et
1507 1232 1713 1274 formida-

234 1314 347 1354 rent,
374 1303 500 1345 veriti
524 1303 652 1345 castri
680 1303 957 1360 procinctum
981 1302 1114 1352 exire,
1145 1301 1298 1343 timide
1322 1301 1397 1342 sed
1421 1308 1544 1342 caute
1570 1300 1714 1357 elege-

236 1382 336 1414 runt
364 1372 475 1413 infra
503 1372 723 1429 quendam
759 1371 969 1412 fossatum
1002 1370 1229 1427 antiquum
1261 1368 1394 1410 diruti
1433 1367 1562 1410 castri
1601 1368 1716 1409 acies

235 1456 501 1497 componere
527 1438 676 1496 ibique
702 1446 950 1496 expectare,
980 1437 1023 1478 in
1049 1439 1132 1479 hoc
1164 1437 1373 1479 callentes
1404 1444 1450 1477 ut
1476 1452 1574 1476 cum
1601 1435 1715 1493 regis

236 1507 453 1549 exercitus
480 1507 689 1548 fossatum
723 1505 988 1546 inniteretur
1016 1504 1339 1553 conscendere,
1369 1503 1457 1544 illic
1491 1501 1713 1551 resistere,

235 1575 350 1617 acies
377 1575 578 1616 ordinate
601 1573 984 1624 exordinarentur,
1013 1572 1269 1614 exordinato
1287 1570 1558 1612 vacillarent.
1589 1570 1715 1624 Quod

236 1656 390 1699 magna
408 1651 430 1680 ²J
458 1640 511 1680 dc
540 1646 663 1697 parte
688 1639 948 1697 contingere
976 1637 1175 1695 contigit.
1207 1637 1352 1679 Primo
1375 1635 1491 1677 enim
1514 1652 1718 1693 congres-

238 1709 373 1749 sionis
394 1707 577 1764 impetu,
606 1722 703 1748 cum
731 1705 839 1763 regii
866 1705 1049 1763 quirites
1072 1705 1206 1746 multa
1236 1704 1359 1754 cede,
1389 1705 1497 1745 mira
1521 1702 1717 1753 audacia,

237 1792 259 1817 a
284 1776 449 1817 fossato
479 1790 553 1816 eos
580 1775 693 1815 sieut
717 1773 856 1815 victos
881 1772 1199 1831 propulissent,
1225 1770 1494 1813 exordinatis
1523 1769 1716 1817 aciebus,

236 1861 310 1886 eos
343 1842 650 1885 indifferenter
689 1842 976 1899 insequentes
1005 1841 1243 1899 agitabant.
1274 1842 1444 1881 Interea
1474 1839 1684 1881 Radulsus
1703 1849 1719 1867 ³

237 1910 629 1971 Baugentiacensis
650 1944 659 1961 ‚
703 1910 770 1952 vir
815 1920 1008 1968 magnea
1054 1908 1303 1967 sagacitatis
1344 1916 1387 1949 et
1426 1906 1717 1958 strenuitatis,

238 1980 431 2038 idipsum
454 1979 571 2037 quod
598 1977 787 2036 contigit
814 1977 934 2035 prius
959 1977 1215 2022 formidans,
1243 1977 1483 2017 exercitum
1506 1974 1722 2016 celaverat

240 2049 284 2090 in
319 2056 443 2105 parte
486 2046 635 2097 castri,
670 2045 902 2087 altitudine
937 2045 1161 2101 cujusdam
1199 2043 1385 2085 ecclesie
1424 2052 1465 2084 et
1505 2041 1723 2098 opacitate

240 2115 480 2157 vicinarum
518 2114 749 2156 domorum
790 2112 1082 2171 incognitum.
1125 2111 1208 2166 Qui
1243 2128 1339 2153 011111
1378 2110 1582 2168 fugitivos
1623 2125 1724 2150 51105

237 2186 325 2240 jam
360 2199 439 2240 per
468 2190 639 2239 portam
665 2181 782 2222 exire
808 2180 993 2231 videret,
1024 2187 1253 2237 pausatum
1282 2178 1520 2220 exercitum
1550 2177 1723 2218 lassatis

242 2250 373 2309 regiis
414 2249 626 2291 militibus
663 2249 898 2306 apponit1,
938 2247 1194 2305 gravissime
1228 2246 1416 2303 impetit.
1456 2244 1539 2299 Qui
1581 2253 1722 2285 antem

283 2348 305 2375 t.
329 2343 553 2385 proposuisse
573 2343 610 2374 D.

284 2397 315 2416 ιι.
341 2385 518 2415 audientes
537 2385 574 2414 B.

285 2440 312 2457 ν.
337 2437 395 2457 rex
415 2427 624 2456 Francorum
643 2424 769 2455 nobilis
787 2425 979 2455 Ludovicus
999 2423 1080 2454 add.
1099 2423 1174 2464 plus
1193 2425 1321 2453 re'eente
1341 2421 1375 2452 E.

285 2480 325 2499 w.
348 2469 499 2508 jactasse
518 2468 552 2497 F.

284 2521 316 2540 st.
343 2509 543 2539 exhortatur
564 2508 598 2538 F.

285 2563 319 2591 y.
345 2561 410 2591 quo
428 2561 552 2590 magna
567 2550 603 2583 E,
624 2549 661 2580 G.

284 2605 313 2622 z.
338 2592 506 2622 Rodnlfus
526 2590 746 2621 Bauiaeensis
772 2591 808 2620 D.

287 2645 319 2664 a.
346 2633 429 2663 mire
445 2633 481 2663 D.

254 2690 1727 2704 Μ

288 2728 315 2757 1.
342 2727 432 2756 Tous
462 2727 511 2756 les
541 2725 748 2756 manuscrits
780 2724 931 2754 donnent
960 2724 1114 2765 ammaim
1145 2734 1187 2753 on
1221 2733 1261 2752 ne
1299 2721 1429 2751 saurait
1458 2720 1544 2751 donc
1573 2719 1727 2758 corriger
