1846 3184
598 205 667 235 VIE
692 205 745 235 DE
770 204 898 235 LOUIS
923 204 975 235 LE
1003 204 1115 236 GROS
1566 208 1602 236 57

118 285 274 326 mortui
298 283 611 327 Normanniam
635 282 847 339 deinceps
867 286 1103 339 tanquamt
1128 283 1270 324 natale
1296 282 1434 324 solum
1458 282 1603 323 sedare

118 367 203 392 non
233 351 462 392 desistant.

178 473 344 523 [XVII.]
368 470 538 512 Raritas
555 480 574 498 u
594 469 695 511 fidei
725 469 825 510 facit
845 478 890 511 ut
918 469 1067 527 sepius
1091 471 1200 511 mala
1221 487 1300 527 pro
1325 471 1452 511 bonis
1476 487 1604 528 quam

119 540 232 579 bona
249 538 491 579 reddantur
506 554 585 595 pro
606 537 747 589 malis,
768 538 951 579 alterum
970 537 1182 586 divinum,
1203 538 1386 579 alterum
1404 556 1484 579 nee
1499 539 1605 580 divi-

118 622 218 646 num
242 622 321 646 nec
339 607 602 646 humanum:
629 605 677 646 fit
696 614 857 646 tamen.
890 608 984 659 Qua
1009 605 1206 662 nequitie
1224 614 1342 656 nota,
1367 623 1464 647 cuin
1489 607 1604 664 regis

120 673 325 715 [udovici
362 672 605 731 phylippus
654 673 786 714 frater
832 673 885 714 de
926 674 1228 730 superductav
1261 674 1601 732 Andegavense,

116 750 201 782 tam
230 742 367 798 patris
396 740 698 798 persuasione,
722 741 790 781 cui
815 757 1038 798 nunquam
1066 741 1244 792 restitit,
1272 758 1400 799 quam
1429 742 1603 783 blandis

116 808 392 850 nobilissime
419 817 462 849 et
487 809 598 849 bene
624 808 887 866 inorigerate
911 825 1097 850 novercc
1120 808 1363 860 illecebris,
1390 811 1602 851 honorem

113 877 277 918 Montis
310 878 464 918 Leheri
491 885 532 917 ct
564 876 869 918 Meduntensis
896 877 1026 918 castri
1053 878 1060 905 ¹
1097 879 1138 918 in
1173 877 1280 934 ipsis
1312 878 1434 936 regni
1462 878 1602 919 visce-

111 944 233 986 ribus
279 946 331 986 ab
378 945 532 986 eodem
582 945 864 1002 optinuisset,
910 945 1182 1003 phylippus,
1225 946 1361 988 tantis
1404 947 1601 1004 ingratus

111 1012 354 1063 beneflciis,
382 1013 660 1054 recalcitrare
688 1013 951 1054 nobilissimi
977 1013 1155 1072 generis
1185 1014 1346 1055 fiducia
1369 1031 1601 1073 presump-

113 1080 181 1122 sit.
220 1082 322 1121 Erat
353 1080 469 1121 enim
501 1081 745 1122 Amalricus
780 1081 834 1122 de
869 1083 1019 1123 Monte
1046 1082 1184 1131 Foru,
1224 1082 1429 1140 egregius
1459 1083 1599 1133 miles,

113 1150 218 1189 baro
243 1148 596 1206 potentissimuS,
622 1150 860 1190 avunculus
888 1151 1025 1206 ejus'2,
1047 1151 1199 1201 Fulco,
1225 1168 1372 1192 comes
1396 1152 1601 1209 ⁴&inlega-

112 1216 280 1267 vensis,
326 1225 479 1274 postea
526 1234 599 1258 rex
644 1217 1046 1269 lerosolimitanus,
1095 1219 1225 1260 frater
1264 1221 1356 1275 ejus
1378 1221 1407 1259 ³³.
1464 1221 1603 1261 Mater

113 1284 260 1329 etiam,
288 1286 355 1325 his
382 1284 586 1326 omnibus
614 1285 855 1342 potentior.
889 1285 1128 1344 viragoque
1158 1288 1296 1328 faceta
1322 1296 1363 1328 et
1394 1287 1601 1328 eruditis-

112 1352 219 1393 sima
248 1352 364 1394 illius
391 1353 636 1394 admirandi
668 1353 896 1395 muliebris
926 1354 1127 1405 artificii,
1161 1372 1248 1412 quo
1277 1364 1603 1397 consueverunt

110 1422 297 1463 audaces
321 1423 409 1463 suis
435 1423 566 1462 etiam
589 1422 842 1463 lascessitos
866 1422 1038 1478 injuriis
1062 1423 1241 1464 maritos
1262 1423 1598 1481 suppeditarw,

108 1489 475 1547 Andegavensem
526 1490 717 1548 priorem
772 1492 974 1531 maritum
997 1490 1034 1541 4,
1086 1491 1190 1532 licet
1239 1493 1367 1532 thoro
1420 1491 1600 1532 omnino

112 1557 407 1614 repudiatum,
446 1557 502 1598 ita
547 1557 891 1608 mollificaverat,
931 1567 974 1599 ut
1010 1575 1103 1600 eam
1137 1568 1345 1617 tanquam
1377 1559 1599 1601 dominam

109 1634 392 1666 veneraretur
423 1635 463 1666 ct
494 1626 687 1667 scabello
710 1626 870 1683 pedum
897 1629 990 1682 ejus
1020 1627 1167 1684 sepius
1198 1628 1397 1668 residens
1412 1639 1450 1679 s,
1481 1644 1529 1669 ac
1565 1628 1599 1668 si

108 1693 321 1751 prestigio
354 1694 498 1737 fleret,
540 1694 753 1735 voluntati
791 1696 883 1751 ejus
921 1694 1102 1735 omnino
1133 1685 1469 1752 obsequeretur.
1509 1698 1600 1737 Hoc

109 1759 238 1801 etiam
262 1777 395 1802 unuin
413 1770 456 1802 ct
474 1770 655 1802 matrem
672 1770 715 1804 et
734 1762 847 1803 filios
867 1772 909 1804 et
932 1772 1067 1804 totam
1087 1763 1299 1805 efferebat
1321 1763 1597 1821 progeniem,

108 1837 153 1869 ut
200 1828 233 1869 si
280 1829 333 1870 de
377 1831 493 1887 regis
534 1829 658 1870 ruina
698 1847 975 1889 quacumque
1019 1831 1252 1873 occasione
1295 1832 1597 1890 contingeret,

107 1896 217 1937 alter
242 1897 420 1938 fratrum
451 1898 726 1948 succederet,
752 1908 795 1940 et
821 1899 917 1940 siey
939 1908 1029 1941 tota
1054 1900 1456 1958 consanguinitatis
1480 1900 1594 1941 linea

108 1963 160 2004 nd
187 1964 343 2006 solium
376 1967 515 2024 regni,
551 1967 734 2008 honoris
770 1976 813 2008 et
843 1967 1028 2009 dominii
1058 1968 1430 2025 participacione,
1459 1968 1599 2010 cervi-

107 2048 199 2073 cem
227 2035 556 2091 gratantissime
591 2037 782 2093 erigeret
805 2037 833 2076 5¹.
873 2039 979 2077 Cum
1018 2036 1151 2094 igitur
1186 2037 1382 2094 prefatus
1418 2037 1599 2094 phylip-

145 2167 168 2192 ί.
197 2166 357 2202 tanquam
375 2163 467 2193 deest
484 2164 516 2193 F.

147 2215 178 2233 u.
203 2204 338 2233 Karitas
357 2204 392 2233 D.

147 2257 174 2274 ν.
202 2245 414 2285 supraducta
431 2246 468 2276 D,

147 2298 187 2316 w.
215 2287 388 2327 speditare
407 2287 443 2316 B.

144 2339 177 2357 s.
205 2328 339 2357 rediens
357 2329 390 2358 E.

145 2381 178 2408 y.
206 2369 254 2399 sic
269 2370 359 2399 deest
378 2370 414 2399 B.

153 2496 176 2524 1.
204 2496 282 2525 Voir
300 2497 380 2537 plus
396 2497 490 2528 haut.
511 2509 544 2538 p.
572 2498 619 2526 18.

104 2537 171 2606 1³2.
200 2538 337 2567 Amauri
370 2539 412 2568 lv
441 2539 482 2569 de
515 2539 690 2575 Montfort,
727 2539 813 2569 frere
844 2540 884 2569 (le
916 2540 1091 2575 Bet-trade,
1124 2540 1268 2570 seconde
1298 2542 1419 2570 femme
1447 2540 1486 2569 de
1518 2541 1597 2571 Phi-

120 2588 198 2618 1ppe
216 2579 264 2608 I“.

144 2621 172 2649 13.
201 2620 369 2661 Foulques
388 2621 425 2655 V,
445 2621 494 2651 dit
512 2622 542 2650 le
561 2621 679 2657 Jeune,
700 2625 810 2651 comte
829 2632 868 2651 en
889 2623 978 2659 1109,
1000 2628 1088 2653 mort
1105 2634 1144 2652 cn
1165 2624 1251 2652 11'12.

142 2662 170 2690 st.
199 2661 367 2701 Foulques
382 2662 520 2695 Reehin,
536 2662 687 2703 premier
706 2663 790 2692 mari
807 2664 847 2693 de
862 2663 1037 2694 Bertrade.
1054 2665 1096 2695 Le
1112 2669 1181 2694 mot
1200 2664 1415 2705 suppmlilare
1432 2669 1507 2695 veut
1524 2665 1596 2694 dire

108 2701 146 2730 iei
167 2702 330 2737 dominer,
352 2708 472 2733 mettre
489 2715 568 2733 sous
588 2714 641 2733 ses
660 2704 770 2744 pieds.

143 2746 170 2772 ὖ.
199 2745 265 2773 Sur
288 2744 337 2773 les
367 2745 535 2785 intrigues
562 2746 602 2775 de
633 2746 665 2775 la
694 2746 896 2776 belle-mere
923 2746 963 2776 de
992 2747 1092 2777 Louis
1125 2748 1164 2776 vl
1196 2752 1312 2776 contre
1342 2747 1487 2781 celui-ei,
1521 2748 1596 2778 voir

107 2785 248 2814 Orderie
267 2785 367 2817 Vital.
390 2786 441 2819 IV,
463 2798 495 2827 p.
515 2788 573 2816 ‘195
592 2791 622 2816 et
642 2787 728 2816 suiv.
