1846 3184
274 166 328 196 152>
906 162 1109 194 HISTOIRE

275 259 423 285 eorum
455 243 584 283 etiam
609 243 869 283 auctoritate
900 241 1089 299 reliquas
1121 241 1312 283 pictavie
1339 243 1487 294 urbes,
1519 243 1682 300 oppida
1707 251 1749 284 et

274 310 502 352 firmitates
546 308 737 366 idipsum
773 326 869 351 curn
910 309 972 350 cis
1018 309 1340 351 confederassc.
1381 312 1477 364 Quo
1521 319 1748 367 comperto

276 394 466 428 lumore,
499 393 572 418 lex
602 386 694 419 toto
729 377 860 418 animi
894 392 1076 418 rancore
1111 376 1154 418 in
1190 377 1391 419 factionis
1425 386 1546 418 tante
1582 378 1749 419 ultione

276 445 544 504 rapiebatur,
564 446 856 503 comitemque
873 448 905 487 Ἰ
911 444 1143 486 cobaldum
1162 445 1367 486 mandam
1389 445 1566 486 minime
1584 454 1750 502 presto-

275 514 404 564 latus,
434 512 644 554 citissime
669 530 765 555 eum
798 512 995 570 expetiit,
1029 521 1070 552 ct
1099 520 1147 553 ut
1180 529 1311 570 super
1331 521 1452 554 tanto
1476 514 1751 555 Pietavorum

278 582 388 622 fastu
419 580 650 622 consilium
685 589 728 622 et
763 580 966 622 auxilium
1007 579 1187 621 ultionis
1216 580 1452 632 conferret,
1490 580 1713 637 flagitabat
1742 598 1749 621 z

280 668 300 689 «
329 649 439 708 Age,
463 648 686 706 inquiens,
716 650 879 690 obtime
909 664 1069 699 comes,
1097 647 1197 706 quia
1220 664 1286 689 me
1313 664 1586 706 regnumque
1611 664 1753 689 meum

279 726 350 758 tue
383 716 551 758 credidi
580 716 772 768 tuitioni,
801 716 1089 757 rebellantem
1117 715 1353 757 Pictaviam
1388 724 1537 756 nostre
1565 715 1754 757 innitere

281 783 511 825 restituere
552 783 725 825 ditioni.
769 785 928 826 Nostra
966 783 1081 824 enim
1119 784 1162 824 in
1200 791 1242 824 te
1276 783 1455 824 omnino
1491 783 1757 824 redundabit

279 851 452 908 injuria,
488 851 522 892 si
550 860 593 892 te
624 859 747 893 tanto
778 851 901 909 regni
928 850 1125 908 periculo
1159 859 1498 908 quantacunque
1530 851 1757 893 intraverit

281 920 511 976 imperitia.
560 936 582 959 »
633 919 718 972 Qui
743 952 751 969 ,
812 919 930 960 nulla
989 927 1110 960 tante
1164 918 1457 960 inhonestatis
1507 919 1759 976 compulsus

282 989 475 1045 angaria,
502 987 638 1028 nichil
661 987 778 1028 aliud
806 1003 933 1044 quam
958 987 1075 1044 quod
1104 1003 1200 1028 cum
1230 986 1470 1028 baronibus
1494 986 1583 1028 suis
1614 986 1758 1028 consi-

283 1052 387 1094 lium
419 1051 764 1094 communicaret
798 1051 1042 1109 respondit.
1070 1053 1161 1093 Rex
1188 1060 1348 1103 autem,
1379 1052 1563 1093 mallens
1590 1068 1760 1093 reman-

283 1120 405 1172 sisse,
448 1120 639 1162 Parisius
680 1120 810 1162 rediit
846 1136 1032 1177 nosque,
1063 1118 1186 1177 quasi
1224 1119 1527 1161 familiariores
1565 1119 1759 1176 ejusdem

283 1187 471 1237 comitis,
504 1197 664 1229 statuto
685 1189 874 1229 termino
897 1204 977 1245 pro
1001 1203 1214 1244 responso
1236 1187 1488 1239 destinavit,
1515 1189 1636 1243 cujus
1665 1203 1761 1228 cum

285 1272 364 1296 nec
388 1271 638 1313 personam,
664 1272 747 1313 que
780 1256 908 1297 etiarn
936 1271 1030 1296 eum
1058 1254 1209 1311 paucis
1238 1254 1473 1305 sufficeret,
1500 1271 1580 1296 nec
1603 1253 1763 1295 milites

285 1340 364 1365 nec
392 1323 623 1380 pecuniam
652 1323 853 1365 obtinere
884 1323 1225 1380 prevaleremus,
1255 1322 1459 1364 dominus
1489 1339 1578 1374 rex,
1613 1330 1764 1364 nostro

285 1400 327 1432 et
352 1393 590 1433 amicorum
620 1391 822 1442 consilio,
851 1390 1070 1448 privatim,
1104 1390 1394 1432 ducentorum
1419 1390 1624 1432 videlicet
1650 1390 1765 1431 mili-

284 1468 391 1509 tum,
437 1459 761 1517 sagittariorum
805 1467 848 1499 et
898 1458 1223 1500 balistariorum
1269 1457 1483 1517 colligens
1527 1459 1762 1508 delectum,

285 1526 521 1568 pictaviam
542 1526 747 1580 tetendit,
779 1525 1019 1582 accitisque
1048 1534 1163 1566 terre
1188 1525 1445 1576 baronibus,
1471 1526 1637 1583 absque
1666 1541 1764 1566 san-

284 1594 430 1652 guinis
463 1594 677 1636 effusione
712 1594 937 1636 Pictavum
972 1593 1182 1650 populum
1213 1593 1265 1634 ad
1299 1593 1570 1634 deditionem
1603 1592 1761 1651 coegit,

286 1663 578 1703 communiam
608 1661 825 1712 dissolvit,
864 1660 1111 1702 communie
1141 1662 1385 1716 juramenta
1416 1661 1613 1717 dejerare
1648 1677 1766 1702 com-

286 1730 413 1787 pulit,
451 1738 493 1771 et
527 1747 548 1771 a
580 1730 836 1772 melioribus
870 1730 1072 1780 obsides,
1107 1738 1194 1770 tam
1224 1745 1384 1786 pueros
1423 1746 1552 1786 quam
1580 1729 1765 1786 puellas,

287 1814 365 1855 per
395 1797 622 1840 Franciam
653 1797 977 1855 dispergendos
1009 1795 1204 1837 extorsit.
1235 1799 1420 1847 Verum,
1457 1813 1553 1837 cum
1580 1795 1767 1837 pictavis

288 1882 385 1907 eum
407 1882 791 1923 prosequeremur,
816 1881 959 1922 neque
991 1864 1106 1905 enim
1133 1881 1229 1906 cum
1252 1880 1302 1905 eo
1325 1880 1405 1922 pro
1433 1863 1549 1905 beati
1578 1863 1767 1905 Dionisii

290 1933 644 1990 sollempnitate1
697 1933 759 1974 ire
819 1941 1102 1990 potueramus
1122 1967 1130 1983 ,
1188 1933 1302 1973 cives
1358 1931 1579 1973 turmatim
1637 1930 1766 1972 nobis

288 2003 596 2053 occurrebant,
635 2010 678 2043 et
719 2017 805 2042 non
845 2009 1014 2042 tantum
1058 1999 1220 2041 nostris
1260 2000 1336 2041 sed
1380 1999 1510 2040 etiam
1554 2014 1766 2056 equorum

289 2078 538 2111 nostrorum
565 2070 753 2126 pedibus
779 2085 824 2110 se
852 2068 972 2126 ipsos
995 2069 1353 2126 prosternebant,
1383 2067 1593 2125 lugubres
1620 2066 1766 2125 elegos

289 2138 590 2188 decantantes,
630 2147 671 2179 et
701 2147 747 2179 ut
777 2153 856 2194 pro
888 2136 1192 2194 redemptione
1225 2135 1413 2178 filiorum
1450 2152 1627 2177 suorum
1652 2135 1766 2192 apud

289 2206 515 2247 (lominum
544 2222 692 2264 regem
718 2207 788 2262 pie
816 2205 1208 2255 intercederemus,
1237 2203 1505 2245 amarissime
1531 2203 1766 2261 deploran-

289 2284 369 2316 tes.
395 2276 693 2316 Matronarum
715 2290 833 2325 vero,
860 2289 1095 2330 puerorum
1118 2282 1160 2314 et
1182 2273 1424 2330 puellarum
1448 2272 1533 2312 alta
1562 2269 1765 2328 suspiria,

288 2342 477 2417 gemitus
505 2351 547 2383 et
567 2342 796 2392 clamores,
827 2358 875 2383 ac
901 2341 935 2382 si
958 2341 1125 2398 prolem
1149 2357 1267 2383 suam
1296 2340 1340 2382 in
1362 2339 1530 2399 gremio
1553 2355 1630 2380 suo
1656 2355 1767 2379 mac-

288 2411 370 2452 tari
398 2412 614 2461 11(101’,011ῒ
652 2427 748 2451 cum
780 2410 1000 2467 patiente1
1030 2410 1143 2450 ferre
1178 2408 1356 2450 minime
1386 2408 1590 2457 valerem,
1625 2405 1767 2448 (lomi-

290 2497 393 2522 num
416 2496 580 2538 reo·,em
611 2479 665 2520 dc
694 2479 882 2519 adventu
911 2487 1062 2519 nostlo
1089 2478 1528 2536 oaudentem,supe1
1552 2476 1635 2517 hoc
1670 2474 1767 2532 ipso

289 2558 374 2589 tam
398 2557 568 2589 secreto
593 2563 753 2604 quam
742 2545 1034 2587 amicabiliter
1059 2544 1485 2596 couveni,(lol01um
1510 2552 1550 2584 et
1576 2541 1766 2584 miseria-

332 2738 359 2767 1.
386 2737 478 2767 Cette
495 2737 558 2767 sete
575 2746 609 2766 se
625 2735 756 2766 celebre
775 2735 805 2764 le
823 2736 841 2765 9
856 2734 1003 2764 octobre.
