1846 3184
295 168 347 196 100
959 167 1099 197 SUGER

290 244 413 286 valde
449 243 628 301 1¹Ccept1‚
662 260 740 300 per
772 260 845 284 sex
876 260 1061 295 menses,
1090 260 1186 285 cum
1216 245 1329 302 apud
1363 261 1459 286 eum
1491 245 1760 286 demorando

291 328 447 369 magno
503 310 691 352 concilio
744 319 1043 353 trecentorum
1094 320 1167 352 aut
1218 312 1403 369 amplius
1452 311 1757 369 episcoporum

294 378 512 420 Lateranis
561 378 868 436 compositioni
914 379 1034 436 pacis
1077 379 1130 420 (lc
1177 380 1354 436 querela
1405 380 1758 421 investiturarum

291 446 579 488 astitissemus
605 447 634 496 ¹,
666 446 876 487 orationis
903 462 1029 487 causa
1061 446 1344 502 frequentatis
1378 447 1560 488 diversis
1589 454 1762 488 sancto-

291 530 383 554 rum
414 513 538 564 locis,
573 512 780 555 videlicet
814 514 963 556 Sancti
992 512 1219 554 Benedicti
1261 513 1448 565 Cassini,
1484 513 1632 555 Sancti
1662 515 1761 555 Bar-

289 580 499 622 tholomei
524 580 779 632 Beneventi,
802 580 951 623 Sancti
977 579 1139 622 Mathei
1171 580 1361 631 Salerni,
1391 580 1539 623 Sancti
1561 578 1761 623 Nicholai

290 648 404 698 Bari,
453 650 713 691 Sanctorum
759 648 1027 706 Angelorum
1073 648 1265 705 Gargani
1287 648 1318 697 ⁸²,
1365 649 1457 688 Deo
1496 646 1757 704 opitulante,

289 732 384 757 cum
417 715 556 774 gratia
595 724 637 757 et
668 714 834 756 domini
876 731 986 772 pape
1024 730 1168 755 amore
1209 723 1251 755 et
1288 714 1481 755 formatis
1523 713 1759 771 epistolis3

288 799 498 841 prospere
522 782 822 825 remeavimus.
859 784 966 824 Cum
991 789 1133 823 autem
1162 789 1204 822 et
1225 781 1305 822 alia
1332 780 1441 831 vice,
1468 789 1568 839 post
1594 781 1761 838 aliquot

289 867 442 901 annos,
485 867 564 892 nos
605 850 875 901 dulcissime,
922 858 967 891 ut
1010 850 1147 906 magis
1190 850 1427 890 honoraret
1465 857 1520 899 et,
1567 848 1679 889 sicut
1716 847 1758 889 in

287 918 446 960 litteris
493 920 582 960 suis
629 918 951 969 continebatur,
996 916 1186 958 libenter
1229 916 1454 967 exaltaret,
1504 916 1556 957 ad
1600 915 1762 958 curiam

289 995 558 1037 revocasset,
601 986 715 1043 apud
762 987 919 1028 Lucam
966 983 1122 1026 'l'uscie
1161 983 1382 1025 civitatem
1418 983 1625 1025 decessus
1671 985 1763 1040 ejus

287 1053 511 1095 veritatem
547 1061 866 1111 cognoscentes
886 1052 916 1103 4,
964 1054 1257 1094 Romanorum
1298 1067 1451 1092 novam
1492 1059 1533 1092 et
1570 1059 1761 1092 veterem

287 1121 508 1164 avaritiam
540 1121 775 1163 devitando
809 1119 1157 1162 retrocessimus.
1196 1119 1273 1160 Cui
1317 1118 1529 1160 successit
1559 1118 1612 1159 de
1651 1120 1762 1159 Hos-

287 1188 416 1230 tiensi
455 1188 664 1247 episcopo
696 1190 938 1247 approbata
965 1204 1153 1246 persona
1187 1195 1436 1243 assumptus
1464 1201 1575 1244 papa
1613 1188 1762 1228 Hono-

288 1256 393 1313 rius,
425 1256 490 1297 vir
516 1256 658 1315 gravis
688 1264 730 1297 et
755 1272 930 1297 severus
951 1257 980 1295 5.
1011 1254 1094 1309 Qui
1121 1271 1217 1296 cum
1239 1252 1461 1311 justiciam
1488 1261 1679 1294 nostram
1707 1253 1761 1294 de

287 1323 552 1365 monasterio
579 1322 943 1381 Argentoilensih
967 1322 998 1373 ss,
1033 1322 1276 1380 puellarum
1306 1320 1549 1362 miserrima
1580 1337 1761 1361 conver-

286 1389 459 1431 sacione
494 1390 725 1441 infamato,
764 1398 853 1431 tum
881 1389 1014 1447 legati
1051 1388 1116 1429 sui
1150 1388 1338 1437 Mathei,
1371 1386 1634 1429 Albanensis
1668 1386 1762 1444 epi-

287 1457 431 1515 scopi,
474 1466 563 1499 tum
600 1457 766 1499 domini
806 1457 1116 1506 Carnotensis,
1160 1454 1444 1505 Parisiensis,
1489 1453 1757 1504 Suessionis‚

286 1524 451 1566 domini
484 1525 612 1566 etiam
644 1523 965 1582 archiepiscopi
1001 1522 1229 1566 Remcnsis
1266 1521 1466 1565 Rainaldi
1488 1522 1505 1550 7
1535 1530 1577 1563 et
1602 1521 1760 1564 multo-

288 1609 378 1633 rum
406 1592 596 1634 virorum
627 1591 880 1634 testimonio
905 1591 1198 1649 cognovisset,
1231 1598 1437 1647 precepta
1466 1606 1617 1648 regum
1646 1589 1759 1631 anti-

286 1676 469 1717 quorum
499 1659 662 1717 Pipini,
700 1659 847 1701 Karoli
875 1658 1046 1717 Magni,
1078 1657 1285 1700 Ludovici
1316 1657 1382 1700 Pii
1414 1666 1457 1700 et
1490 1657 1673 1699 aliorum
1707 1657 1762 1700 dc

280 1730 378 1783 jure
416 1728 500 1769 loci
533 1727 689 1785 prefati
708 1727 720 1756 1'
755 1726 928 1769 nunciis
964 1725 1125 1767 nostris
1156 1725 1301 1767 oblata
1328 1725 1612 1784 perlegisset,
1645 1725 1762 1767 curie

284 1795 425 1836 tocius
447 1794 747 1852 persuasione,
774 1802 862 1835 tam
884 1801 1139 1851 proffnostra
1156 1792 1333 1849 justicia
1355 1809 1484 1851 quam
1507 1809 1587 1851 pro
1612 1808 1758 1834 earum

323 1949 353 1979 h.
379 1949 569 1989 Argentoili
588 1949 624 1978 D.

323 2002 344 2020 ι,
367 2002 385 2019 a
406 1990 484 2019 add.
506 1990 544 2020 G.

327 2187 350 2215 l.
377 2186 418 2216 Le
439 2185 566 2215 concile
584 2185 624 2214 de
647 2184 771 2213 Lati-an
791 2195 825 2214 se
846 2183 909 2214 tint
923 2184 967 2214 du
986 2184 1023 2213 ’18
1040 2195 1082 2214 au
1100 2184 1137 2213 28
1156 2194 1247 2213 mars
1266 2184 1361 2220 112&
1381 2184 1411 2213 le
1433 2194 1564 2224 voyage
1582 2183 1621 2214 de
1648 2184 1758 2225 Suger

281 2239 319 2256 cn
336 2227 432 2256 Italic
449 2227 526 2256 date
544 2226 630 2255 donc
648 2225 692 2255 du
710 2225 815 2255 debut
831 2225 871 2254 de
887 2229 972 2255 cette
987 2227 1104 2255 annes.

322 2269 349 2298 2.
375 2269 465 2298 Tous
483 2278 537 2297 ces
556 2266 771 2307 p'elerinages
793 2271 869 2296 sont
886 2267 1057 2302 cel'ebres;
1077 2267 1107 2295 le
1127 2266 1318 2296 sanctuaire
1339 2266 1379 2296 de
1399 2265 1685 2307 Monte-Gargano
1706 2272 1757 2296 est

283 2310 360 2348 plus
380 2313 523 2339 som-ent
538 2308 679 2348 designe
699 2319 777 2337 sous
796 2308 825 2337 le
840 2308 980 2337 vocable
999 2308 1039 2337 de
1055 2308 1144 2337 saint
1159 2307 1291 2337 Michcl.

320 2353 349 2380 3.
375 2350 599 2379 C'est-ii-dire
617 2349 657 2378 de.
676 2349 1010 2385 recom1nandation;
1031 2349 1117 2378 mais
1136 2349 1177 2378 ici
1198 2349 1308 2389 Suger
1324 2352 1402 2379 veut
1420 2351 1592 2388 peut—&tre
1611 2349 1752 2389 simple-

281 2396 371 2420 ment
390 2392 504 2431 parler
521 2391 619 2420 d'nne
638 2390 730 2419 bulle
749 2390 789 2419 de
813 2390 999 2430 privileges
1018 2401 1105 2430 pour
1128 2390 1283 2430 l'abhaye
1307 2391 1347 2419 de
1366 2389 1598 2425 Saint—Denis,
1624 2401 1682 2419 car
1704 2389 1753 2419 les

279 2433 443 2471 formatae
455 2432 614 2472 epistolae
632 2435 853 2471 proprement
865 2431 952 2461 dites
966 2431 1124 2461 n'etaient
1136 2431 1214 2471 plus
1226 2434 1329 2470 gucre
1341 2442 1380 2460 en
1392 2441 1498 2471 usage
1511 2441 1553 2460 au
1566 2437 1627 2460 ΧΗ·Ξ
1640 2431 1752 2461 siecle.

319 2475 349 2503 li.
376 2474 504 2503 Calixte
520 2474 548 2502 H
569 2476 705 2502 mourut
721 2475 739 2501 ἐι
760 2473 863 2502 Rome
881 2473 911 2501 le
932 2473 969 2501 13
987 2472 1165 2502 decembre
1183 2472 1271 2501 1124.

320 2518 347 2544 5.
375 2515 544 2544 Honorius
564 2515 592 2543 II
611 2515 659 2543 fut
676 2513 730 2542 <flu
745 2513 830 2542 dans
849 2513 880 2542 la
899 2513 1033 2542 nuitdu
1053 2514 1089 2543 15
1106 2525 1149 2543 au
1165 2514 1202 2542 16
1217 2513 1395 2543 decembre
1412 2513 1500 2543 1124.

318 2558 347 2585 6.
373 2556 582 2595 Argenteuil,
603 2554 869 2588 Scine-et-Oise,
886 2554 985 2584 clm—1.
1003 2554 1042 2583 de
1060 2558 1148 2584 cant.

318 2599 344 2627 7.
373 2597 464 2627 Voici
496 2598 544 2626 les
571 2606 668 2626 noms
698 2596 738 2625 de
765 2606 818 2624 ces
846 2596 987 2635 pri-lats,
1016 2596 1072 2635 qui
1098 2600 1173 2625 tous
1201 2596 1349 2635 figurent
1378 2595 1463 2624 dans
1494 2595 1590 2625 l'acte
1617 2595 1681 2625 cite
1709 2594 1753 2625 ci-

276 2639 418 2667 dessous
439 2648 445 2667 2
468 2638 642 2671 Chartres,
664 2636 810 2667 Geoffroi
835 2637 875 2665 de
906 2637 1034 2672 L‘eves;
1059 2637 1175 2671 Paris,
1196 2637 1336 2666 Etienne
1361 2636 1401 2665 de
1423 2636 1553 2672 Senlis;
1580 2636 1751 2672 Soissons,

281 2679 436 2714 losselin,
456 2679 599 2709 celui-lii
615 2680 722 2708 nieme
741 2678 864 2717 auquel
881 2678 990 2718 Suger
1005 2689 1023 2707 a
1038 2678 1134 2707 dedic
1153 2688 1212 2707 son
1229 2688 1396 2718 ouvrage;
1414 2677 1539 2714 Reims,
1556 2677 1694 2707 chaud
1712 2677 1752 2707 de

274 2720 454 2760 Martigny.
