1846 3184
210 145 249 175 ‘12
882 146 1024 178 SUGER

211 221 296 262 rias
324 222 482 264 instrui
510 224 759 281 precepitg.
796 226 956 267 Verum
996 224 1131 265 multo
1159 224 1286 265 aliter
1318 240 1445 281 quam
1483 227 1688 283 sperabat

210 289 384 330 evenire
401 290 602 348 contigit.
618 293 782 332 Mutata
803 291 967 349 quippe
982 290 1127 349 gratah·
1147 291 1258 332 aeris
1276 292 1504 349 temperie,
1518 292 1688 351 ingrata

210 364 253 396 et
276 357 528 397 turbulenta
550 357 835 415 intemperies
862 358 1055 409 emersit,
1079 367 1290 415 tantoque
1314 367 1462 399 ettam
1484 360 1687 400 horribili

211 422 423 479 inpluvio,
446 424 742 466 tonitruorum
772 426 1109 466 choruscatione
1134 434 1269 466 totam
1299 434 1456 469 terram
1488 426 1531 467 in
1560 435 1691 468 noete

209 491 416 541 turbavit,
462 492 700 533 exereitum
741 493 902 544 afl'eeit,
940 509 1076 550 equos
1113 493 1274 534 cecidit
1300 493 1326 544 ί,
1364 502 1412 534 ut
1441 495 1510 534 vix
1545 494 1690 535 vivere

210 556 387 613 quidam
427 574 576 600 eorum
618 569 859 617 sperarent.
904 562 999 613 Quo
1033 559 1300 602 intolerabili
1344 561 1544 612 horrore,
1591 577 1687 602 cum

210 623 386 679 quidam
415 626 469 666 de
494 627 687 668 exercitu
715 628 757 668 in
792 644 945 668 aurora
977 628 1120 684 fugam
1147 627 1401 668 matutinam
1430 637 1635 685 pararent
1653 628 1686 675 j,

208 690 474 734 dormitante
505 694 647 736 adhuc
678 695 909 735 defensore
940 693 983 734 in
1022 694 1267 751 papilione,
1304 694 1456 735 dolose
1486 694 1691 735 tentoriis

208 758 324 815 ignis
352 767 417 800 est
445 761 680 817 applicitus
699 761 717 790 ¹¹*
1165 778 1299 819 gnum
1334 769 1399 802 est
1433 760 1687 810 recedendi,

211 827 357 866 subito
389 830 607 869 exereitus
631 838 718 870 tam
746 831 919 870 incaute
947 845 1075 886 quam
1105 829 1285 870 confuse
1314 829 1431 869 exire
1464 829 1690 879 festinant,

726 797 734 813 ,
771 778 822 803 ex
849 777 951 818 quo,
990 762 1089 818 quia
1127 761 1160 801 si

209 892 480 951 inopinatam
515 897 811 938 recessionem
844 896 1183 947 formidantesl,
1221 912 1301 937 nec
1345 896 1450 953 quid
1489 896 1560 937 alii
1594 896 1691 937 aliis

211 961 440 1003 conferant
467 964 746 1004 attendentes
770 975 813 1004 ⁷²².
857 966 1051 1017 Quorum
1087 963 1266 1004 incursu
1298 963 1501 1020 precipiti
1531 963 1691 1004 multo-

211 1043 295 1084 que
318 1029 508 1072 clamore
530 1031 734 1072 dominus
763 1031 1049 1088 stupefactus,
1075 1047 1263 1087 querens
1290 1030 1395 1088 quid
1421 1039 1552 1081 esset,
1578 1047 1691 1087 equo

211 1094 366 1136 insiliit
404 1105 504 1153 post
537 1098 776 1139 exercitum
815 1098 1045 1149 festinans,
1087 1099 1188 1154 quia
1223 1100 1311 1154 jam
1350 1097 1692 1155 circumquaque

209 1161 396 1219 dispersi
424 1173 564 1215 erant,
591 1166 801 1206 reducere
828 1165 950 1206 nullo
975 1165 1105 1206 modo
1126 1166 1272 1206 valuit.
1307 1165 1423 1219 Quid
1443 1165 1560 1206 aliud
1582 1165 1690 1206 faee-

209 1239 275 1272 ret
314 1231 504 1273 famosus
539 1233 713 1289 juvenis
751 1250 881 1291 quam
921 1234 974 1274 ad
1015 1250 1131 1275 arma
1172 1251 1370 1279 currere,
1406 1251 1502 1275 eum
1539 1234 1695 1291 paucis

210 1314 319 1354 quos
362 1299 506 1355 potuit
557 1301 860 1351 retrocedere,
918 1318 1087 1342 murum
1132 1318 1176 1342 se
1226 1317 1305 1357 pro
1348 1300 1692 1358 precedentibus

210 1381 452 1421 opponere,
481 1383 584 1424 sepe
611 1367 782 1424 percuti
818 1376 861 1409 et
887 1384 989 1424 sepe
1018 1377 1285 1425 pereuteren
1303 1369 1319 1408 ἒ)
1339 1370 1500 1411 Verum
1522 1367 1603 1408 etsi
1628 1367 1692 1408 illi

209 1432 368 1489 quibus
414 1434 702 1491 pereuntibus
754 1435 848 1492 ipse
901 1451 1049 1475 murus
1095 1443 1208 1485 erat,
1262 1434 1408 1492 quiete
1457 1444 1499 1476 et
1540 1451 1695 1476 secure

207 1507 448 1556 potuerunt
480 1501 646 1559 fugere,
682 1511 844 1552 tamen,
873 1502 974 1559 quia
1004 1503 1128 1543 multi
1167 1504 1382 1561 gregatim
1415 1511 1457 1543 et
1493 1503 1692 1559 disperse

208 1567 361 1624 procul
385 1569 438 1608 ab
463 1585 514 1609 eo
543 1569 785 1626 fugiebant,
814 1570 938 1610 multi
968 1572 1021 1611 ab
1044 1571 1246 1611 hostibus
1279 1571 1391 1627 capti
1429 1578 1543 1611 sunt.
1574 1571 1694 1610 Inter

209 1650 319 1690 quos
345 1636 632 1677 excellentior
657 1645 809 1693 captus
839 1637 920 1678 suit
946 1636 1040 1694 ipse
1070 1640 1196 1695 Ilugo
1227 1636 1617 1689 Claromontensis,
1651 1645 1693 1677 et

209 1702 354 1743 Guido
384 1703 728 1745 Silvanectensis
750 1706 788 1755 ¹,
826 1704 1062 1746 llerluinus
1092 1704 1353 1746 Parisiensis
1377 1706 1392 1733 Q
1410 1739 1418 1754 ,
1449 1713 1492 1745 et
1516 1705 1693 1745 obscuri

243 1824 278 1854 g.
303 1814 450 1854 precipit
474 1814 512 1845 G.

248 1854 278 1884 Ιι.
305 1860 405 1895 grata
421 1855 511 1886 deest
530 1856 566 1885 D.

249 1904 270 1933 i.
297 1915 401 1944 equos
419 1905 535 1934 eieidit
552 1907 588 1941 A,
607 1905 649 1941 B;
670 1905 795 1935 oceidit
812 1905 848 1935 F.

242 1945 271 1985 j.
299 1950 478 1985 sperarent
494 1947 531 1976 D.

248 1987 277 2016 lt,
304 1987 499 2026 applicatus
518 1987 555 2016 Β.

251 2028 271 2057 l.
299 2032 476 2067 sperantes
492 2028 528 2058 B.

249 2080 290 2098 m.
316 2080 414 2098 nec...
431 2069 643 2098 attendentes
663 2069 753 2099 deest
768 2070 803 2099 E.

248 2121 281 2139 η.
307 2110 416 2139 Tanta
435 2121 516 2150 ergo
535 2111 760 2150 perplexitate
778 2114 964 2145 coartatus,
984 2120 1062 2139 cum
1085 2109 1166 2149 quid
1191 2109 1316 2149 eligere
1340 2109 1479 2139 deberet
1504 2109 1694 2149 ignoraret,

208 2156 382 2191 postremo
406 2155 519 2181 tamen
547 2156 702 2187 mortem,
730 2152 756 2181 si
781 2152 1011 2191 contingeret.
1038 2152 1151 2190 potius
1178 2151 1281 2189 elegit
1303 2161 1405 2190 quam
1428 2150 1696 2190 ignominiosam

209 2194 337 2232 fugam.
364 2192 536 2232 Oppidani
555 2193 672 2233 igitur,
695 2193 931 2222 confusionem
950 2192 1180 2221 obsidentium
1201 2192 1414 2221 attendentes
1433 2196 1466 2221 et
1485 2191 1695 2231 paucitatem

210 2244 344 2268 eorum,
366 2234 479 2263 subito
498 2234 626 2274 apertis
646 2235 754 2274 portis
771 2238 913 2267 exeunt,
938 2237 975 2262 ut
1000 2238 1033 2263 et
1055 2232 1205 2273 captioni
1230 2233 1461 2262 recedentium
1480 2232 1697 2262 intenderent

209 2279 241 2304 et
254 2279 469 2304 remanentes
489 2275 622 2304 sortiter
639 2279 886 2315 expugnarent
904 2275 949 2304 Ut
962 2274 1026 2303 hoc
1040 2274 1126 2304 vidit
1143 2274 1300 2303 dominus
1319 2274 1523 2307 Ludovicus,
1542 2274 1694 2302 famosus

205 2316 354 2355 juvenis,
375 2315 417 2345 ad
441 2327 536 2345 arma
557 2327 709 2352 currens,
727 2327 804 2346 cum
821 2316 941 2356 paucis
957 2326 1041 2355 quos
1060 2315 1171 2355 potuit
1184 2315 1385 2354 recolligere
1400 2314 1540 2351 resistit,
1557 2325 1695 2344 murum

209 2367 243 2386 se
273 2367 336 2396 pro
362 2357 626 2396 precedentibus
655 2357 828 2397 opposuit,
856 2357 971 2397 ibique
992 2357 1117 2386 durum
1138 2356 1287 2396 prelium
1311 2356 1545 2390 committens,
1567 2355 1694 2385 multos

209 2398 297 2427 ictus
326 2398 505 2433 sustinuit,
529 2398 695 2439 quidquid
720 2398 829 2427 hostis
852 2398 886 2427 in
910 2398 1043 2427 hostem
1068 2398 1237 2437 potuisset
1262 2407 1340 2426 cum
1362 2397 1501 2426 lacertis
1526 2396 1696 2426 hectoreis

211 2439 408 2474 exercendo,
429 2443 465 2468 ut
485 2440 620 2479 fugatos
640 2450 658 2468 a
677 2440 796 2469 mortis
813 2439 966 2479 periculo
984 2439 1158 2468 liberaret.
1175 2438 1337 2467 Verum...
1357 2438 1392 2467 F.

252 2549 280 2580 1.
308 2549 372 2579 Gui
399 2550 428 2578 II
458 2549 498 2578 de
530 2549 641 2579 Senlis
672 2549 730 2589 (V.
765 2548 951 2583 Luchaire,
983 2548 1065 2578 Hist.
1098 2548 1155 2578 (les
1187 2547 1394 2577 institutions
1420 2546 1694 2587 mmmrckiques,

215 2590 361 2661 1122:ng-
381 2642 596 2671 personnage
627 2631 849 2671 appartenait
880 2634 899 2659 a
931 2631 964 2660 la
1002 2631 1131 2660 famille
1162 2630 1263 2659 noble
1293 2629 1361 2658 dite
1391 2629 1431 2658 de
1464 2629 1579 2663 Paris,
1613 2629 1696 2658 dont

213 2673 255 2702 M.
277 2673 440 2710 Longnon
458 2684 476 2701 a
501 2675 630 2702 reti-aee
654 2673 821 2701 l'histoire
845 2672 1005 2712 (Bulletin
1024 2672 1065 2701 cle
1083 2671 1116 2701 la
1137 2671 1258 2702 socie'te‘
1277 2671 1318 2700 cle
1336 2669 1496 2700 l’lzistoire
1522 2671 1562 2700 de
1585 2669 1693 2705 Paris,

210 2714 266 2750 VI,
288 2715 376 2750 1879,
398 2714 548 2749 132-144,
565 2718 597 2743 et
614 2718 825 2744 notaminent
840 2724 873 2753 p.
896 2714 977 2752 1111).
