1846 3184
282 148 334 177 1:34
789 145 927 177 TABLE
952 145 1006 176 ET
1030 146 1242 177 EXTRAITS

274 224 363 254 enim
381 224 482 263 cupio
504 223 530 252 si
550 233 623 252 eam
645 222 728 252 mihi
747 222 904 257 aufferat,
923 226 955 252 et
975 222 1015 252 de
1038 223 1136 253 facto.
1162 233 1177 252 ›>
1197 222 1301 263 Cujus
1320 223 1537 264 lacrymabili
1557 225 1752 256 calamitate

274 274 387 304 animo
416 277 652 313 compunctus,
680 272 908 302 amicabiliter
934 283 1072 302 manum
1096 273 1260 313 porrigit,
1281 274 1467 314 suffragari
1491 275 1671 314 promittit,
1692 285 1752 315 spe

274 324 475 353 exilaratnm
498 322 657 357 remittit,
684 334 762 363 spes
783 326 896 352 autem
915 333 980 352 11011
999 322 1186 352 confundit.
1208 322 1374 352 Vclociter
1399 323 1566 363 siquidem
1590 324 1630 353 de
1657 325 1752 354 curia

273 377 405 407 exeunt,
431 373 487 412 qui
510 372 668 402 comitem
691 372 992 402 Bcllimoutenscin
1015 372 1228 408 conveniant,
1251 372 1520 402 extraordinarie
1543 374 1753 414 expoliatum

274 421 445 451 ordinarie
464 422 580 451 vestiri
600 433 657 451 ore
675 422 864 451 defensoris
880 422 974 461 regni
992 421 1193 461 precipiunt,
1214 422 1253 451 (10
1269 422 1344 462 jure
1363 422 1395 452 in
1412 423 1507 452 curia
1524 423 1596 463 ejus
1616 424 1754 454 ratioci-

277 472 387 501 nando
408 476 502 502 certa
520 472 573 501 die
592 471 775 502 decertent.
796 472 893 507 Quod
914 482 990 501 cum
1010 471 1099 500 idem
1119 482 1231 501 comes
1252 472 1397 512 superbe
1418 473 1612 509 refutasset,
1635 474 1753 503 ulcisci

275 522 523 552 contumaciam
552 521 717 551 festinans
745 521 903 551 (lominus
934 521 1139 555 Lud'ovicus,
1166 532 1251 551 mox-
1269 523 1411 552 collecto
1437 523 1585 553 exercitu
1616 524 1647 553 iu
1679 534 1756 553 cum

276 571 397 607 exiliit,
434 573 673 612 prefatumque
705 576 856 601 castrum
884 571 1090 611 aggrediens
1104 596 1110 606 ,
1142 571 1241 601 modo
1272 576 1483 602 arlnatorum
1507 573 1693 603 insultibus
1726 577 1758 603 et

276 621 375 652 modo
391 622 467 662 igne
487 622 707 662 impugnans,
725 622 831 651 inulto
845 632 1033 660 congressu
1046 622 1265 661 expugnavit,
1284 622 1473 662 turrimque
1488 623 1600 662 ipsam
1616 623 1757 653 militari

274 672 428 702 custodia
442 672 587 701 munivit
598 676 630 701 et
644 672 810 701 munitam
829 671 975 711 Ilugoni,
994 671 1081 700 sicut
1099 671 1340 711 spoponderat,
1358 672 1518 702 restituit.
1533 672 1607 708 Quo
1620 677 1757 713 peracto

275 733 341 752 non
359 733 435 752 eum
454 722 586 751 modico
604 722 728 751 damno
747 732 897 755 suorum,
918 725 1030 750 111111οι1
1047 720 1278 759 resistentium
1296 722 1428 762 majori,
1446 723 1526 762 quia
1539 723 1585 752 ibi
1602 733 1668 752 non
1686 727 1760 753 erat

275 773 430 803 Matheus
448 772 739 807 Bellimontensis,
766 782 825 801 nce
844 771 896 801 ira
915 766 1009 811 justa
1029 771 1099 811 ejus
1120 776 1262 812 propter
1285 772 1553 802 inobedientiam
1575 772 1757 808 deferbuit,

275 824 344 853 imo
362 823 546 853 exercitum
565 826 678 852 movet
691 822 815 852 iterum
834 822 875 851 ad
891 821 1044 861 ejusdcm
1062 821 1197 851 comitis
1211 826 1375 859 castrum,
1394 823 1530 853 nomine
1546 823 1759 854 Canliacum.

276 873 372 909 Quod
391 883 467 902 cum
493 872 760 913 inexpugnabile
782 871 988 906 crederetur,
1018 871 1098 911 quia
1124 871 1332 901 victualibus
1358 876 1391 902 et
1416 873 1558 902 armatis
1582 872 1760 913 pugilibus

277 924 361 953 illud
395 934 507 953 comcs
540 923 711 952 munierat
724 946 730 955 ‚
762 926 875 952 castra
914 932 975 962 per
1010 921 1191 951 circuitum
1230 926 1376 952 metatus
1408 923 1555 953 tentoria
1584 923 1644 962 figi
1669 923 1759 958 secit,

278 973 453 1003 machinas
471 972 747 1013 impugnatorias
772 982 833 1011 per
856 971 1037 1001 circuitum
1058 971 1200 1006 instrui,
1219 976 1251 1001 01
1271 972 1351 1012 quia
1369 972 1477 1002 ardua
1498 972 1641 1013 aggredi
1670 972 1766 1013 cupit

278 1023 398 1059 virtus,
418 1023 504 1053 illud
523 1033 644 1063 capere
665 1021 816 1052 decrevit
840 1021 996 1052 firmitmu
1018 1021 1083 1051 Sed
1104 1021 1248 1062 contigit
1272 1022 1525 1052 incidentaliter
1547 1023 1641 1052 aliud
1660 1032 1763 1063 quam

277 1074 450 1114 sperabat.
469 1073 599 1103 Mutata
614 1073 741 1113 quippe
759 1072 848 1102 aeris
870 1071 1034 1112 temperie
1055 1071 1267 1111 gratissima,
1287 1083 1351 1112 que
1368 1072 1543 1113 hueusque
1564 1072 1761 1109 duraverat,

277 1124 413 1164 ingrata
425 1128 456 1154 et
472 1123 671 1153 turbulenta
688 1122 909 1162 intemperies
924 1122 1074 1158 emersit,
1093 1126 1254 1162 tantoque
1270 1126 1385 1152 ettam
1403 1122 1561 1152 horribili
1580 1122 1759 1163 impluvio,

277 1175 506 1204 tonitruorum
517 1173 753 1203 coruscatione
764 1177 872 1203 totam
884 1177 1011 1202 terram
1026 1172 1059 1201 in
1072 1183 1139 1201 una
1151 1176 1247 1202 nocte
1261 1173 1420 1212 turbavit,
1436 1173 1621 1203 exercitum
1636 1172 1760 1209 affecit,

277 1235 381 1265 equos
399 1223 533 1259 occidit,
548 1227 587 1253 ut
603 1223 656 1252 vix
674 1223 788 1253 vivere
803 1222 944 1263 quidam
961 1233 1079 1252 eorum
1098 1227 1287 1262 sperarent.
1307 1223 1379 1259 Quo
1397 1223 1606 1253 intolerabili
1620 1223 1763 1253 horrore

278 1285 355 1304 cum
372 1273 512 1314 quidam
529 1273 569 1303 de
585 1273 734 1303 exercitu
752 1272 785 1302 in
801 1283 926 1302 aurora
943 1273 1061 1312 fugam
1079 1273 1283 1302 matutinam
1301 1277 1539 1313 prepararent,
1557 1273 1765 1313 dormitante

278 1324 389 1354 adhue
407 1324 440 1353 in
459 1323 634 1363 papilione
652 1322 790 1351 domino
807 1321 996 1357 defensore,
1017 1322 1134 1351 dolose
1152 1321 1186 1351 in
1205 1322 1359 1351 tentoriis
1377 1322 1493 1362 ignem
1509 1322 1763 1362 applicuerunt.

279 1374 376 1410 Quod
396 1373 625 1414 percipientes
644 1372 715 1407 alii,
744 1376 776 1401 et
794 1372 873 1412 quia
892 1371 1029 1411 signum
1050 1376 1129 1401 tunc
1151 1376 1223 1401 erat
1246 1372 1436 1408 recedendi,
1463 1372 1576 1402 subito
1597 1371 1765 1402 exercitus

279 1427 526 1458 commovetur,
553 1427 585 1452 et
608 1426 677 1452 tam
699 1422 832 1452 incaute
857 1432 959 1462 quam
981 1423 1120 1451 confuse
1147 1421 1236 1451 exire
1263 1422 1361 1462 quasi
1388 1432 1505 1451 omnes
1531 1421 1766 1452 indifferenter

281 1474 461 1509 festinant,
498 1473 713 1513 inopinatam
742 1472 971 1502 recessionem
999 1472 1163 1501 mirantes
1187 1476 1219 1502 et
1247 1472 1486 1508 formidantes,
1514 1483 1574 1501 nec
1600 1472 1682 1512 quid
1705 1472 1765 1502 alii

280 1525 358 1554 aliis
376 1525 553 1553 conferant
579 1522 803 1552 attendentes.
835 1522 978 1551 Incursu
1010 1522 1215 1561 fugientium
1237 1521 1396 1562 precipiti
1418 1521 1593 1562 multoque
1615 1522 1765 1551 clamore

280 1574 439 1604 dominus
457 1572 650 1603 Ludovieus
674 1573 898 1612 stupefactus,
918 1582 1063 1612 querens
1083 1571 1165 1612 quid
1181 1576 1281 1608 esset,
1301 1576 1337 1601 ut
1354 1571 1532 1611 comperit,
1552 1582 1637 1612 equo
1658 1571 1767 1601 exiliit

281 1629 360 1665 post
388 1623 572 1653 exercitum
601 1622 787 1658 festinans,
816 1622 881 1652 huc
908 1622 1057 1662 illucque
1085 1622 1253 1662 fugientes
1279 1622 1475 1657 revocabat,
1505 1622 1564 1652 sed
1588 1622 1668 1662 quia
1693 1621 1765 1662 jam

281 1675 547 1714 circumquaque
567 1672 715 1712 dispersi
743 1676 840 1702 erant
858 1676 890 1702 et
913 1672 1035 1709 territi,
1062 1682 1119 1702 eos
1144 1672 1304 1702 reducere
1321 1683 1387 1702 non
1410 1672 1530 1702 valuit.
1557 1672 1666 1702 Tanta
1683 1682 1765 1711 ergo

282 1724 507 1766 perplexitate
527 1726 713 1758 coartatus,
740 1733 817 1752 cum
841 1721 923 1762 quid
944 1722 1070 1761 eligere
1093 1722 1231 1752 deberet
1251 1722 1438 1762 ignoraret,
1459 1725 1633 1762 postremo
1652 1726 1766 1751 tamen

283 1778 427 1804 mortem
451 1773 479 1803 si
497 1772 710 1812 contingeret
735 1773 849 1812 potius
877 1772 991 1812 elegit,
1017 1783 1121 1812 quam
1146 1772 1413 1812 ignominiosam
1438 1773 1566 1812 fugam.
1593 1771 1768 1812 Oppidani

282 1825 400 1865 igitur,
428 1823 664 1854 confusionem
693 1823 925 1853 obsidentium
951 1823 1165 1853 attendentes
1194 1827 1226 1852 et
1253 1822 1461 1863 paucitatem
1491 1833 1619 1859 eorum,
1653 1822 1767 1852 subito

284 1875 413 1915 apertis
430 1874 540 1914 portis
564 1874 728 1909 exierunt,
749 1877 786 1903 ut
806 1877 838 1902 et
852 1872 1001 1913 captioni
1023 1873 1253 1902 recedentium
1270 1872 1485 1902 intenderent
1502 1876 1534 1902 et
1551 1876 1766 1902 remanentes

286 1925 419 1955 sortiter
437 1928 684 1964 expugnarent.
710 1924 756 1953 Ut
778 1923 841 1953 hoc
864 1923 951 1953 vidit
970 1923 1129 1953 dominus
1152 1923 1356 1958 Ludovicus,
1384 1923 1535 1952 famosus
1555 1922 1703 1962 juvenis,
1723 1922 1765 1952 ad

285 1985 380 2005 arma
395 1984 547 2009 currens,
567 1985 645 2003 cum
661 1973 780 2014 paucis
799 1984 884 2014 quos
902 1973 1014 2014 potuit
1030 1973 1231 2013 recolligere
1248 1972 1390 2008 resistit,
1408 1983 1545 2002 murum
1563 1983 1597 2002 se
1616 1983 1679 2012 pro
1693 1982 1768 2012 pre-

285 2025 483 2055 cedentibus
507 2024 681 2064 opposuit,
700 2023 816 2064 ibique
842 2023 966 2053 durum
991 2023 1140 2063 prelium
1163 2022 1390 2057 committens,
1411 2023 1537 2051 multos
1555 2022 1643 2051 ictus
1661 2022 1767 2052 susti-

286 2075 370 2111 nuit,
395 2074 562 2115 quidquid
580 2074 689 2104 hostis
712 2073 746 2103 in
770 2074 905 2103 hostem
927 2073 1098 2113 potuisset
1114 2083 1190 2102 cum
1213 2072 1350 2102 lacertis
1374 2072 1547 2102 Hectoreis
1569 2071 1766 2107 exercendo,

286 2130 322 2155 ut
347 2126 483 2164 fugatos
507 2135 527 2154 a
549 2123 669 2153 mortis
696 2123 849 2164 periculo
876 2123 1049 2152 liberaret.
1078 2122 1203 2151 Verum
1222 2121 1286 2151 etsi
1309 2121 1372 2158 illi,
1397 2121 1522 2162 quibus
1546 2121 1769 2162 preeuntibus

285 2177 360 2216 ipse
376 2185 495 2205 murus
509 2178 592 2211 erat,
609 2174 720 2214 quiete
735 2178 768 2203 et
784 2183 901 2203 secure
916 2176 1101 2213 potuerunt
1116 2173 1243 2213 fugere,
1260 2177 1374 2201 tamen
1390 2172 1469 2212 quia
1485 2171 1583 2201 multi
1598 2171 1769 2212 gregatim

287 2230 319 2255 et
338 2225 494 2265 disperse
514 2224 635 2264 procul
655 2224 698 2253 ab
717 2234 755 2253 00
778 2223 966 2263 fugiebant,
993 2222 1091 2252 multi
1110 2222 1153 2252 ab
1173 2222 1332 2252 hostibus
1356 2222 1447 2262 capti
1466 2226 1556 2257 sunt,
1576 2221 1664 2251 inter
1682 2231 1767 2261 quos

287 2274 504 2305 excellentior
525 2278 646 2314 captus
672 2273 735 2303 fuit
754 2273 827 2313 ipse
846 2273 944 2312 Hugo
962 2272 1266 2305 Claromontensis,
1288 2276 1321 2301 et
1344 2271 1453 2302 Guido
1478 2271 1767 2311 Sylvanectensss,

287 2325 472 2356 Herluinus
497 2324 713 2360 parisiensis,
742 2327 774 2353 et
796 2322 933 2352 obscuri
957 2322 1105 2352 nominis
1124 2322 1346 2362 quamplures
1369 2321 1519 2361 gregarii
1543 2325 1576 2350 ct
1591 2320 1768 2360 pedestres

288 2375 456 2405 exercitus
475 2374 585 2404 multi.
610 2374 680 2403 Hac
698 2373 805 2414 igitur
821 2372 1002 2402 lacessitus
1020 2371 1157 2412 injuria,
1181 2376 1308 2412 quanto
1328 2372 1423 2401 rudis
1441 2375 1474 2401 et
1496 2371 1637 2411 ignarus
1658 2370 1767 2400 infor-

288 2425 374 2455 tunii
400 2423 596 2464 hujusmodi
623 2423 788 2453 hactenus
817 2424 937 2457 suerat,
969 2426 1062 2451 tanto
1085 2433 1163 2451 cum
1188 2421 1340 2451 Parisius
1365 2421 1524 2451 rediisset
1549 2420 1631 2450 moti
1662 2420 1767 2450 animi

287 2474 471 2511 insolentia
493 2474 754 2508 intumescebat,
779 2477 816 2502 ut
839 2477 871 2502 et
889 2472 961 2512 ejus
981 2472 1080 2502 etatis
1107 2483 1181 2502 mos
1206 2476 1267 2508 est,
1294 2472 1321 2501 si
1345 2475 1458 2501 tamen
1483 2471 1527 2500 sit
1552 2470 1769 2500 immutativa

289 2524 483 2565 probitatis,
501 2528 613 2553 movet
628 2527 660 2553 01
678 2527 843 2552 movetur.
863 2523 904 2551 Et
927 2527 964 2552 ut
980 2522 1047 2552 cito
1064 2522 1226 2562 injuriam
1244 2521 1432 2551 ulciscatur
1446 2525 1638 2557 exestuans,
1661 2521 1769 2551 unde-

287 2584 418 2614 cunque
451 2572 626 2612 triplicato
654 2571 803 2601 exercitu
832 2571 1002 2611 sagaciter
1031 2581 1114 2612 eque
1143 2575 1180 2600 ut
1208 2570 1395 2611 prudenter
1427 2570 1547 2599 crebro
1578 2569 1769 2610 ingeminat

288 2623 450 2663 suspirio,
473 2621 646 2651 decentius
670 2625 815 2651 mortem
832 2631 935 2661 quam
957 2621 1198 2651 verecundiam
1217 2620 1395 2650 sustinere.
1419 2619 1514 2655 Quod
1540 2630 1618 2649 cum
1637 2619 1767 2649 amico-

288 2683 364 2702 rum
387 2672 551 2701 relatione
574 2671 800 2711 comperisset
823 2681 936 2701 comes
960 2671 1132 2707 Matheus,
1159 2674 1196 2700 ut
1220 2674 1294 2700 erat
1319 2670 1457 2711 elegans
1485 2669 1538 2699 vir
1561 2674 1592 2699 et
1616 2670 1765 2706 facetus,

287 2722 470 2763 impatiens
485 2721 687 2753 verecundie
709 2721 930 2751 accidentalis
949 2720 1077 2751 domini
1102 2720 1165 2757 sui,
1188 2719 1416 2760 multiplicato
1432 2719 1658 2750 intercessore
1674 2718 1766 2749 viam
