1846 3184
191 151 229 180 14
858 146 999 177 SUGER

191 227 409 278 cionibus,
437 225 600 282 rapinis
636 233 680 265 et
709 223 826 265 omni
855 223 1018 264 malitie
1049 222 1295 263 insistebat.
1334 221 1460 263 Tanti
1489 237 1594 278 ergo
1625 230 1670 262 et

190 304 275 336 tam
301 292 533 334 facinorosi
555 292 635 332 viri
655 292 770 348 apud
791 290 1015 332 dominum
1040 306 1184 345 regem
1209 287 1459 344 Philippum
1480 288 1665 338 centies,

189 371 233 403 et
262 362 391 402 modo
423 360 537 416 apud
575 359 710 400 filium
742 358 808 399 bis
840 366 912 399 aut
939 366 1006 397 ter
1035 355 1209 414 lugubri
1243 355 1420 412 querela
1448 355 1665 411 deposita,

190 429 304 470 filius
340 426 554 468 invective
590 425 828 467 exercitum
860 425 1126 465 mediocrem
1162 424 1250 464 sere
1288 421 1667 479 septingentorum

189 495 375 537 militum
397 494 451 534 de
474 492 766 534 nobilioribus
783 501 825 533 et
840 490 1155 533 validioril'msS
1181 490 1360 531 Francie
1383 488 1668 545 optimatibus

189 564 408 605 delectum
431 561 565 618 cogit,
589 560 735 602 Remis
759 559 951 609 festinat,
973 574 1086 615 pene
1105 573 1184 614 per
1205 556 1314 597 duos
1337 572 1509 597 menses
1532 555 1669 596 multo

191 630 395 672 conflictu
439 629 672 685 preteritas
704 628 832 685 punit
863 625 1147 668 ecclesiarum
1183 624 1431 674 molestias,
1473 624 1669 679 ejusdem

190 698 346 755 prefati
371 695 531 736 tiranni
560 703 603 735 et
628 695 844 735 fautorum
870 696 881 722 t
909 695 1002 748 ejus
1027 691 1322 748 depopulatur
1339 699 1496 740 terras,
1522 690 1669 730 ineen-

188 766 261 806 dio
283 764 427 813 solvit,
452 762 617 820 rapinis
641 761 835 819 exponit.
862 759 1049 818 Egregie
1074 760 1249 808 l'actum,
1276 767 1322 799 ut
1345 757 1418 815 qui
1442 757 1671 814 rapiebant

190 832 416 889 rapiantur
448 839 490 872 et
526 830 599 887 qui
636 830 904 886 torquebant
931 843 1041 884 eque
1073 835 1146 867 aut
1178 825 1329 867 durius
1361 832 1664 881 torqueantur.

190 902 327 941 Tanta
370 899 588 956 siquidem
628 905 720 938 erat
762 895 928 937 domini
975 903 1017 935 et
1056 893 1272 934 exercitus
1312 891 1582 941 animositas,
1624 900 1671 932 ut

191 966 399 1024 quamdiu
424 965 485 1006 ibi
512 964 656 1014 suerit,
688 972 760 1004 aut
786 963 856 1004 vix
881 971 952 1003 aut
978 977 1217 1018 nunquam,
1254 968 1402 1017 preter
1423 959 1529 1000 feria
1553 967 1669 1000 sexta

191 1043 234 1075 et
266 1033 337 1074 die
374 1031 610 1081 dominica,
648 1029 895 1087 quieverint
914 1040 933 1057 n
969 1028 1074 1085 quin
1106 1036 1178 1068 aut
1213 1043 1310 1068 cum
1344 1026 1532 1067 manuali
1566 1042 1672 1067 con-

189 1100 418 1159 gressione
442 1100 691 1140 lancearum
723 1114 771 1138 ac
792 1096 1039 1155 gladiorum
1064 1095 1408 1145 committerent,
1437 1101 1509 1134 aut
1533 1101 1673 1134 terra-

191 1185 286 1209 rum
308 1165 609 1208 destructione
637 1165 779 1205 illatas
804 1163 985 1220 injurias
1010 1162 1299 1203 vindicarent.
1329 1161 1590 1203 Certabatur
1611 1159 1673 1200 ibi

192 1252 280 1277 non
307 1243 459 1276 contra
485 1233 668 1274 Ebalum
697 1241 882 1281 tantum,
918 1231 994 1271 sed
1019 1239 1171 1272 eontra
1193 1246 1345 1270 omnes
1371 1229 1542 1269 illarum
1573 1244 1674 1284 par-

193 1303 300 1344 tium
323 1304 511 1344 barones
533 1312 565 1352 ν,
589 1300 750 1358 quibus
773 1301 902 1340 etiam
923 1298 1208 1339 maximorum
1231 1296 1598 1354 Lotharingorum
1622 1296 1671 1324 ‘⁴¹¹

193 1371 379 1411 affinitas
405 1369 541 1410 multo
569 1368 742 1426 agmine
773 1367 992 1408 celebrem
1021 1366 1255 1406 affectabat
1282 1365 1537 1405 exercitum.
1567 1362 1674 1420 Agi-

191 1448 260 1479 tur
282 1438 447 1479 interea
471 1436 616 1477 multis
637 1434 943 1492 questionibus
963 1434 1016 1475 de
1036 1443 1194 1490 paee-1⁷,
1218 1441 1257 1473 et
1279 1433 1486 1488 quoniam
1503 1431 1675 1472 diverse

193 1522 295 1547 cure
336 1505 672 1562 periculosaque
716 1502 899 1559 negocia
944 1502 996 1542 ad
1037 1501 1141 1541 alias
1191 1508 1337 1557 partes
1372 1500 1470 1539 novi
1508 1497 1675 1539 domini

192 1572 459 1631 presentiam
496 1571 637 1612 votive
674 1570 972 1616 devocabant,
1013 1568 1164 1609 habito
1199 1583 1295 1607 cum
1337 1566 1424 1606 suis
1465 1564 1673 1613 consilio,

195 1657 347 1698 pacem
368 1657 388 1680 a
410 1640 579 1696 prefato
599 1638 774 1678 tiranno
798 1636 996 1678 ecclesiis
1021 1644 1063 1676 et
1083 1634 1332 1692 impetravit
1351 1642 1394 1674 et
1412 1632 1677 1690 imperavity

197 1717 239 1748 et
260 1707 452 1764 acceptis
478 1705 725 1755 obsidibus,
754 1720 847 1745 cam
871 1703 1158 1759 jurejurando
1180 1701 1341 1742 firmari
1368 1700 1485 1742 feeit.
1512 1699 1677 1741 Taliter

196 1776 428 1817 salutatum
450 1783 491 1815 et
514 1773 779 1830 flagellatum
803 1771 969 1813 dimisit
988 1783 1020 1820 Ξ,
1045 1772 1128 1811 hoc
1151 1770 1280 1811 etiam
1303 1769 1420 1825 quod
1445 1769 1499 1809 de
1523 1769 1677 1809 Castro

195 1859 308 1884 novo
330 1844 345 1871 '3
375 1843 603 1899 repetebat
628 1840 672 1880 in
697 1840 812 1880 diem
838 1838 1024 1879 distulit.

239 1999 265 2018 s,
290 1992 321 2017 et
345 1986 571 2016 validioribus
588 1985 678 2014 deest
696 1985 733 2017 B,
752 1984 787 2013 E.

236 2033 258 2058 t.
287 2030 454 2058 factorum
472 2038 556 2055 corr.
569 2030 656 2066 post.
676 2028 718 2061 Α;
737 2026 904 2055 factorum
922 2025 960 2059 D,
981 2025 1017 2053 Ε.

237 2082 267 2099 ιι.
295 2069 497 2110 quieveruut
511 2069 547 2097 D.

237 2123 264 2141 ν,
289 2112 435 2140 barones
454 2120 538 2149 quos
557 2112 759 2138 evocaverat
772 2108 807 2137 F.

237 2164 277 2182 w.
303 2151 603 2190 Lotharingorum.
626 2151 865 2179 Alcmanorum
886 2149 920 2177 F.
940 2149 982 2177 M.
1005 2146 1178 2188 Ilugm’m'n
1194 2156 1337 2185 propose
1356 2146 1373 2173 ιὶ
1396 2148 1459 2173 toz-t
1477 2145 1517 2173 de
1535 2143 1683 2185 corriget*

198 2193 425 2223 maximorum
441 2203 477 2220 en
496 2191 742 2231 proximorum.

236 2246 269 2264 .r.
295 2234 335 2263 de
367 2244 467 2273 pace,
504 2233 609 2261 libalo
647 2231 880 2271 supplicante,
919 2240 995 2259 cum
1028 2233 1078 2258 tot
1114 2229 1238 2257 damna
1275 2238 1340 2257 non
1374 2231 1490 2267 posset
1531 2225 1681 2266 amplius

195 2276 343 2306 tolerare
381 2285 487 2314 neque
521 2273 562 2302 ad
599 2284 753 2313 pugnam
786 2271 920 2311 ingredi
947 2281 1105 2310 eampum
1136 2269 1234 2304 belli,
1268 2269 1425 2309 quamvis
1456 2278 1520 2307 par
1548 2267 1681 2297 viribus

198 2322 290 2347 esset
308 2317 342 2345 F.

237 2370 269 2397 y.
298 2361 329 2386 et
344 2356 527 2396 imperavit
541 2355 631 2383 dees-fi
650 2355 684 2384 F.

240 2411 267 2428 z.
293 2398 474 2437 taliterque
490 2397 703 2435 flagellatum
723 2400 754 2424 et
771 2394 991 2424 humiliatum
1010 2394 1044 2423 F.

242 2562 267 2590 l.
292 2562 335 2590 Le
366 2560 555 2590 manuscrit
582 2560 605 2588 F
631 2558 743 2598 ajoute
770 2569 835 2587 aux
862 2557 1023 2587 Lorrains
1051 2557 1100 2585 les
1126 2555 1343 2587 Allemauds:
1372 2564 1408 2583 ee
1429 2553 1501 2582 doit
1525 2556 1593 2582 etre
1618 2564 1685 2582 une

197 2603 353 2632 addItion
373 2601 576 2631 maladroite
596 2611 637 2629 au
656 2604 743 2629 texte
762 2600 802 2628 de
821 2600 941 2639 Suger,
958 2609 1016 2627 ear
1033 2597 1172 2627 celui-ei
1191 2596 1337 2636 emploie
1355 2594 1509 2634 toujours
1524 2594 1685 2634 l'expres-

200 2644 274 2672 sion
296 2642 480 2672 Teutonici.

241 2686 269 2713 2.
296 2682 713 2717 Ncuschfitel-sur-Aisne,
734 2681 845 2717 Ais-ne,
866 2680 965 2710 (·h.-l.
986 2680 1025 2709 de
1046 2683 1134 2709 eant.
