1846 3184
236 140 294 169 136
748 141 886 171 TABLE
912 142 966 172 ET
989 142 1201 174 EXTRAITS

272 215 309 244 In
328 215 471 245 concilio
488 215 645 245 Trecensi
669 216 936 254 matrimonium,
958 218 1047 258 quod
1066 230 1084 249 a
1102 219 1212 249 tribus
1231 220 1329 250 anniS
1348 225 1380 251 et
1398 222 1573 263 hucusque
1592 235 1711 264 spera-

231 265 332 294 batur
352 275 452 304 posse
474 265 626 295 contrahi
648 266 734 295 inter
753 266 927 297 dominum
950 268 1168 308 designatum
1188 274 1218 299 et
1238 270 1342 300 filiam
1368 272 1551 309 Gnidonis,
1576 274 1711 304 comitis

230 314 270 343 de
302 314 498 354 Rupeforti,
530 315 829 355 consanguinitate
862 316 1082 357 impeditum,
1118 319 1264 349 divortio
1293 320 1440 350 solutum
1475 322 1506 351 in
1540 324 1712 362 presentia

230 364 357 392 domini
382 374 470 403 pape
490 365 610 394 suerat.
636 365 676 394 Et.
696 365 775 405 quia
796 366 907 396 dictus
934 378 1047 396 comes
1068 369 1317 399 machinatione
1336 372 1563 410 quorumdam
1584 373 1713 402 sciebat

230 414 263 443 id
281 413 478 453 contigisse,
495 425 533 443 ac
548 414 650 443 etiam
666 426 729 455 ope
748 416 1033 446 Gai-laudensium
1056 419 1210 451 fratrum.
1238 431 1321 459 quos
1340 421 1425 450 alias
1445 421 1582 451 domino
1601 422 1712 452 Ludo-

232 464 304 492 vico
328 463 580 503 pacificaverat,
609 465 684 494 inde
707 476 846 495 rancore
871 467 977 496 animi
998 473 1161 508 concepto
1184 469 1365 499 scintillam
1384 475 1512 501 tenuem
1535 477 1712 503 commotus

226 512 319 554 pavit
337 513 369 541 ιἰι
386 512 488 553 {gae-³.
516 514 580 544 Nec
597 514 707 544 minus
726 515 884 545 dominus
906 516 1106 555 designatus
1131 518 1162 547 in
1187 530 1262 548 cum
1288 521 1464 550 zelabatur
1480 533 1582 561 quam
1601 527 1710 556 antea,

230 573 307 591 cum
324 562 437 592 subito
462 563 714 593 Garlandcnscs
735 576 769 594 se
794 565 1068 595 intermiscentes
1087 567 1274 597 amicitiam
1293 570 1440 601 solvunt.
1463 571 1557 600 sedus
1576 571 1712 601 desede-

233 616 317 647 rant,
346 612 544 642 inimicitias
561 619 755 653 exagerant,
777 615 890 654 ipsum
910 615 1085 645 dominum
1107 622 1289 651 moventes,
1310 623 1345 647 ut
1365 631 1383 648 a
1402 620 1586 650 rebellione
1607 621 1713 650 comi-

230 662 273 691 tis
293 667 502 701 precaveret.
522 663 598 693 Jam
623 664 780 703 equidem
798 665 860 694 hoc
879 669 1032 704 tempore
1055 666 1247 707 contigerat
1268 668 1443 708 Hugonem
1467 670 1506 698 dc
1526 670 1711 710 Pompona,

231 711 342 740 virum
367 715 554 747 strenuum,
584 713 728 742 militem
759 713 868 753 ipsius
893 714 1026 743 comitis
1043 739 1050 751 ‚
1081 716 1307 746 castellanum
1337 717 1377 747 de
1403 720 1575 754 (jornaco,
1601 724 1713 749 castro

231 771 334 801 super
354 761 497 791 fluvium
523 762 675 792 Mati-one
698 762 774 798 sito,
804 765 1033 793 mercatorum
1056 764 1089 793 in
1114 766 1209 805 regia
1228 771 1336 796 strata
1354 778 1458 808 equos
1483 779 1521 798 ex
1541 769 1714 810 insperato

233 811 387 851 rapuisse
411 815 442 840 et
469 811 663 842 Gornacum
685 812 878 843 adduxisse.
901 813 973 848 Qun
999 816 1246 845 contumeliosa
1271 818 1529 858 presumptione
1556 819 1713 849 dominus

231 860 422 889 Ludovicus
458 861 668 901 indignatus,
710 864 868 903 quamvis
907 864 970 893 hoc
1010 865 1176 894 accidisse
1213 866 1312 905 jussu
1351 868 1486 897 comitis
1527 869 1713 909 ignoraret,

230 911 381 940 bellandi
400 915 512 940 tamen
531 913 744 942 occasionem
766 913 907 953 accepit,
929 914 1114 944 exercitum
1132 916 1282 955 collegit,
1311 922 1463 947 castrum
1490 919 1603 949 subita
1621 920 1715 949 obsi—

230 961 341 996 dione,
361 966 397 991 ut
420 961 578 991 custodes
600 963 801 993 victualium
829 969 984 994 carerent
1009 965 1197 1004 opulentia,
1226 967 1362 1007 cingere
1392 969 1588 999 maturavit.
1616 970 1716 1000 Heret

229 1011 371 1040 castello
388 1011 502 1041 insula
519 1016 618 1052 grata
636 1013 819 1042 amenitate
844 1014 1062 1053 pabulorum,
1084 1015 1180 1055 equis
1205 1021 1236 1045 ct
1253 1017 1435 1056 pecoribus
1451 1019 1577 1058 opima.
1599 1030 1662 1060 que
1682 1031 1716 1049 se

230 1060 480 1101 aliquantisper
507 1062 623 1098 latam,
645 1063 702 1092 sed
727 1063 805 1103 plus
830 1064 970 1104 longam
995 1065 1198 1104 producens,
1226 1067 1409 1097 maximam
1430 1069 1614 1109 oppidanis
1634 1081 1715 1099 con-

232 1111 295 1140 fert
313 1111 508 1148 utilitatem,
522 1123 599 1142 cum
615 1117 646 1142 et
665 1113 896 1153 spatiantibus
916 1114 1171 1144 decurrentium
1190 1127 1356 1156 aquarum
1381 1118 1568 1148 clarificam
1586 1120 1716 1149 exhila-

232 1161 398 1191 rationem
422 1166 454 1191 et
473 1163 573 1193 modo
592 1164 796 1197 florentium,
818 1164 917 1194 modo
936 1165 1120 1194 virentium
1136 1167 1331 1206 graminum
1350 1168 1527 1198 obtutibus
1549 1174 1581 1199 et
1597 1170 1716 1199 formis

232 1211 457 1241 exhilaratam
476 1212 596 1243 offerat
615 1214 907 1248 clarificationem,
931 1214 1042 1244 amnis
1064 1215 1166 1245 etiam
1184 1215 1468 1247 circumclusione
1492 1219 1716 1249 existentibus

233 1261 462 1291 securitatem.
498 1263 590 1292 Hanc
623 1263 729 1303 igitur
754 1263 912 1293 dominus
946 1264 1138 1294 Ludovicus
1168 1266 1315 1295 classem
1349 1278 1539 1307 preparans
1574 1270 1715 1309 aggredi

234 1315 404 1347 maturat,
431 1312 599 1352 quosdam
626 1313 774 1343 militum
803 1318 834 1343 et
861 1314 987 1343 multos
1012 1314 1182 1354 podiwin,
1212 1320 1247 1345 ut
1274 1317 1465 1356 expeditius
1496 1318 1610 1348 ineant
1632 1324 1664 1349 et
1691 1320 1718 1348 si

233 1361 354 1391 cadere
378 1362 565 1403 contingat,
591 1363 691 1393 citius
719 1364 885 1400 resiliant,
912 1364 1061 1394 denudat
1082 1370 1114 1394 et
1136 1366 1316 1405 premittit.
1335 1367 1427 1396 Alios
1455 1378 1532 1397 vero
1551 1369 1718 1405 natando,

233 1411 319 1441 alios
336 1411 416 1441 licet
435 1412 626 1452 periculose
646 1424 814 1454 aquarum
830 1414 1000 1453 profundo
1017 1419 1187 1455 utcunque
1206 1416 1402 1456 equitando,
1431 1417 1578 1458 ipsemet
1593 1420 1717 1449 flumen

234 1461 443 1501 ingrediens,
462 1464 624 1492 audacter
641 1463 790 1493 insulam
805 1474 972 1503 occupare
985 1464 1143 1504 imperat.
1161 1465 1255 1500 Quod
1273 1467 1523 1506 perpendentes
1542 1469 1718 1508 oppidani,

235 1512 291 1551 qui
309 1511 343 1540 in
361 1522 486 1551 magno
504 1524 645 1543 numero
671 1514 799 1543 ibidem
823 1514 1031 1549 residebant,
1056 1514 1197 1544 indilate
1224 1516 1289 1545 huc
1316 1521 1510 1551 aecurrunt,
1533 1523 1718 1559 mutuoque

237 1572 271 1591 se
297 1562 441 1592 incitant
463 1563 506 1592 ad
527 1564 757 1593 resistendum
777 1564 910 1593 fortiter
935 1568 967 1593 et
990 1564 1030 1594 de
1059 1565 1134 1605 ripa
1159 1565 1266 1595 ardua
1290 1566 1442 1603 altiores,
1474 1568 1633 1598 fluctibus
1662 1569 1719 1609 qui

236 1617 333 1642 erant
362 1612 395 1641 in
426 1613 570 1642 navibus
602 1614 779 1654 classeque
810 1614 1000 1648 inferiores,
1033 1615 1089 1654 qui
1123 1616 1272 1645 natando
1303 1618 1579 1651 transmeabant,
1617 1619 1719 1654 saxis,

237 1662 377 1697 lanceis,
401 1663 459 1692 sed
484 1668 516 1693 et
540 1664 702 1694 fundibus
723 1665 852 1700 ferreis,
879 1669 911 1694 et
935 1665 1024 1694 omni
1052 1676 1175 1705 genere
1197 1666 1382 1696 missilium
1407 1668 1576 1707 repellunt
1599 1673 1721 1708 poten-

240 1712 382 1744 tissime.
406 1713 530 1743 Verum
548 1714 678 1754 repulsi
698 1714 802 1744 animi
820 1719 925 1749 motu,
945 1715 1164 1745 animositate
1182 1722 1371 1756 resumpta,
1393 1718 1596 1757 repellentes
1616 1719 1723 1758 repel-

239 1763 307 1792 lere
332 1763 516 1800 insistunt,
546 1764 745 1794 balistarios
770 1769 802 1794 et
825 1765 1024 1805 sagittarios
1048 1765 1161 1805 jacere
1187 1767 1399 1806 compellunt
1422 1768 1638 1803 manualiter,
1664 1769 1721 1798 alii

239 1817 341 1853 prout
359 1814 527 1854 attingere
550 1819 707 1854 possunt,
735 1815 939 1855 confligunt,
966 1815 1100 1845 loricati
1127 1820 1158 1845 et
1185 1816 1310 1855 galeati
1339 1816 1378 1845 de
1401 1817 1511 1846 classe
1532 1818 1723 1857 piratarum

239 1873 331 1892 more
352 1864 581 1894 audacissime
604 1865 832 1899 committunt,
859 1865 1063 1904 repellentes
1087 1866 1271 1905 repellunt.
1299 1871 1332 1895 et
1354 1871 1390 1896 ut
1413 1868 1590 1897 consuevit
1614 1869 1722 1898 virtus

239 1912 414 1942 dedecoris
433 1913 628 1953 impatiens,
653 1918 856 1954 occupatam
876 1914 982 1943 armis
1003 1914 1153 1944 insulam
1175 1915 1358 1955 recipiunt,
1380 1917 1545 1956 sanguine
1570 1917 1723 1957 plurium

242 1962 480 1997 madefactam,
506 1975 629 2004 eosque
655 1975 689 1994 se
708 1965 740 1993 in
763 1969 876 1994 castro
900 1964 1065 1994 coercitos
1089 1965 1239 2005 recipere
1259 1966 1480 2005 compellunt.
1501 1966 1592 2002 Quos
1613 1968 1723 2007 primo

241 2012 412 2042 deditione
431 2019 554 2053 negata
576 2025 653 2043 cum
677 2015 928 2055 aliquantisper
949 2018 1021 2043 arte
1041 2014 1200 2044 obsessos
1218 2015 1260 2044 ad
1280 2015 1485 2046 deditionem
1511 2027 1632 2056 eogere
1657 2028 1721 2047 non

241 2063 404 2095 valerent.
422 2063 579 2093 dominus
596 2064 787 2094 Ludovicus
807 2064 938 2094 iteratis
955 2064 1145 2094 assultibus
1162 2064 1345 2104 impatiens
1367 2076 1553 2101 morarum,
1574 2067 1722 2106 quadam

242 2112 295 2142 die
312 2113 531 2143 animositate
548 2114 692 2154 rapitur,
712 2114 754 2143 ad
772 2114 970 2153 clangorem
994 2114 1218 2143 buccinarum
1235 2115 1420 2144 exercitum
1443 2116 1546 2155 cogit,
1572 2121 1724 2146 castrum

244 2163 514 2193 munitissimum
533 2164 624 2194 vallo
648 2168 722 2194 arto
745 2168 777 2194 et
804 2164 915 2203 rigido
944 2163 1102 2203 superius
1126 2164 1268 2204 glande,
1295 2164 1438 2194 inferius
1458 2166 1620 2195 torrentis
1644 2178 1725 2207 pro-

244 2213 410 2244 funditate
435 2225 520 2254 pene
547 2214 813 2255 inexpugnabile
841 2214 1053 2254 aggreditur.
1080 2214 1125 2243 Ut
1149 2214 1219 2243 suis
1239 2216 1432 2255 exemplum
1457 2216 1564 2251 daret,
1592 2217 1725 2257 primus

243 2273 304 2303 per
319 2267 505 2293 torrentem
527 2276 634 2305 usque
652 2264 694 2294 ad
706 2264 858 2294 balteum
877 2265 1044 2293 fossatum
1062 2264 1304 2298 conscendens,
1319 2265 1360 2294 ad
1374 2265 1535 2304 glandem
1553 2267 1727 2296 contendit

246 2313 356 2343 modis
387 2315 546 2344 omnibus
577 2325 749 2355 pugnare,
781 2314 823 2343 ad
854 2325 1033 2344 ascensum
1064 2318 1194 2344 ceteros
1226 2314 1345 2343 incitat
1374 2316 1570 2355 pugnando,
1605 2316 1726 2346 ceteris

245 2363 404 2403 imperat,
430 2368 462 2393 et
487 2375 563 2393 vere
589 2369 668 2394 tunc
695 2364 901 2404 gravissime
929 2368 961 2393 et
986 2363 1176 2404 periculose
1207 2375 1283 2393 cum
1308 2364 1404 2393 hoste
1425 2364 1622 2395 decertavit.
1643 2366 1726 2395 Nam

247 2418 384 2444 econtra
406 2414 602 2444 defensores
621 2414 801 2444 audaciam
824 2414 891 2444 vite
916 2415 1137 2454 preferentes,
1158 2414 1345 2443 defensioni
1368 2415 1499 2444 fortiter
1517 2415 1725 2446 insistentes.

247 2474 307 2493 nec
330 2463 468 2493 domino
487 2465 675 2504 parcebant
698 2475 794 2494 arma
813 2468 986 2493 moventes
1011 2468 1045 2493 et
1070 2474 1168 2493 omne
1193 2474 1299 2503 genus
1327 2464 1511 2493 missilium
1535 2465 1727 2495 emittentes

248 2513 381 2543 hostem
412 2514 567 2547 reiciunt,
597 2514 791 2554 superiores
817 2514 932 2554 sepius
957 2513 998 2543 ad
1026 2514 1094 2543 ima
1112 2514 1273 2543 torrentis
1298 2514 1547 2554 precipitando.
1573 2515 1657 2545 Tota
1674 2516 1728 2545 die

247 2563 482 2593 continuatum
502 2564 672 2593 assultum
690 2575 755 2593 nox
772 2563 920 2598 diremit,
945 2563 1042 2592 multi
1061 2573 1099 2593 ex
1119 2567 1262 2603 utraque
1277 2568 1374 2603 parte
1392 2563 1586 2594 ceciderunt
1603 2565 1726 2594 mortui

247 2613 467 2643 etlethaliter
486 2614 640 2651 sauciati,
659 2614 716 2644 sed
733 2613 872 2644 tandem
890 2624 952 2654 pro
972 2613 1042 2643 vice
1058 2613 1118 2643 illa
1135 2613 1267 2643 obsessi
1291 2613 1450 2653 gloriam,
1471 2614 1528 2643 alii
1553 2615 1727 2654 repulsam

248 2663 327 2692 licet
355 2663 452 2693 iuviti
475 2664 722 2694 sustinuerunt.
751 2664 810 2693 His
837 2664 1003 2703 peractis,
1040 2673 1080 2692 ne
1110 2663 1284 2703 inceptum
1314 2663 1346 2692 in
1376 2664 1517 2703 longum
1547 2664 1609 2694 iret
1637 2669 1669 2694 et
1694 2665 1727 2694 in

248 2713 382 2742 irritum
402 2714 539 2743 tandem
556 2714 738 2747 desineret,
763 2713 922 2753 deinceps
943 2713 1102 2743 dominus
1127 2713 1318 2742 Ludovieus
1339 2714 1442 2742 castri
1463 2714 1630 2743 eversioni
1655 2725 1729 2754 pre-
