1846 3184
292 160 346 190 156
928 157 1130 188 HISTOIRE

285 244 490 295 repente,
530 235 634 276 licet
666 235 816 286 tarde,
855 234 1059 276 dominus
1096 251 1170 276 rex
1214 251 1310 277 cuni
1353 235 1545 277 exercitu
1592 252 1669 278 suo
1709 237 1758 277 ad

285 319 403 344 arma
427 318 712 354 concurrenS,
749 302 884 344 lorica
913 310 954 343 ct
979 302 1103 360 galea
1129 303 1360 361 ocreisque
1385 303 1537 345 ferreis
1563 304 1761 346 succinc-

284 380 369 421 tus,
401 370 655 428 fugantibus
695 371 901 422 occurrit,
939 369 1208 427 fugientibus
1242 370 1460 420 subvenit,
1490 371 1628 413 vicem
1666 387 1761 413 cum

284 437 463 480 Francis
513 439 618 489 suis,
664 454 775 495 pene
824 437 939 479 enim
985 437 1066 478 soli
1113 446 1264 489 erant,
1310 438 1497 480 Pictavis
1541 438 1759 496 rependit.

284 505 467 548 Videres
499 505 664 547 ibidem
688 506 889 547 eumdem
910 521 1056 562 regem
1085 505 1194 546 duos
1222 522 1370 547 eorum
1393 506 1551 548 milites
1576 506 1763 563 pedibus

285 573 564 624 detruncare,
593 589 702 630 quos
722 581 886 630 quanto
903 571 1087 623 tardius,
1112 581 1276 613 ——crat
1298 574 1413 614 enim
1431 573 1633 631 exigente
1650 581 1763 614 etate

281 640 427 682 adhuc
471 640 630 682 debilis
675 640 864 692 viribus,
894 640 1208 691 —cedebat¹,
1251 648 1374 681 tanto
1417 640 1644 699 angustius
1690 657 1764 682 eos

286 709 509 750 demorate
551 708 740 749 cesionis
787 708 987 767 angustia
1033 708 1323 765 deprimebat.
1364 709 1584 766 Refugans
1618 708 1764 766 itaque

286 792 359 817 eos
406 784 448 817 et
487 793 566 833 per
602 785 802 833 portam,
846 777 1014 817 etiamsi
1054 776 1312 827 sorderet‘2,
1354 776 1614 826 retrudens,
1654 775 1764 817 divi-

287 844 403 885 nitus
441 844 640 900 adjutus,
692 852 811 885 tanta
857 853 899 885 et
944 852 1031 884 tam
1065 843 1199 901 digna
1242 843 1408 885 ultione
1453 844 1764 885 sceleratorum

285 910 456 967 punivit
489 911 804 968 proditionem,
842 920 888 952 ut
919 911 1071 952 eadem
1101 912 1210 952 hora
1238 927 1288 952 ex
1320 911 1545 969 insperato
1577 920 1766 953 castrum

287 979 405 1036 quod
446 979 680 1021 videbatur
724 979 1068 1037 inexpugnabile
1115 979 1159 1020 in
1195 995 1323 1020 manu
1367 980 1467 1021 forti
1511 987 1553 1020 et
1585 979 1765 1021 brachio

288 1054 466 1088 extento
489 1047 669 1106 aggredi
693 1056 945 1098 maturaret,
970 1047 1267 1089 immunitates
1292 1056 1613 1105 prerumperet,
1636 1047 1766 1088 armis

286 1115 562 1172 perfoderet,
616 1124 755 1157 totum
798 1124 1004 1166 castrum,
1047 1115 1244 1157 abbatias
1293 1117 1421 1157 etiam
1475 1124 1516 1157 et
1557 1116 1765 1158 ecclesias

288 1198 424 1240 usque
470 1183 522 1224 ad
568 1183 842 1240 precinctum
890 1182 1022 1224 turris
1072 1182 1280 1224 incendio
1333 1182 1639 1241 conflagraret.
1682 1181 1766 1236 Qui

287 1258 429 1291 autem
452 1251 506 1292 de
534 1251 772 1292 factoribus
799 1259 1057 1307 supererant
1088 1250 1131 1291 in
1160 1259 1279 1291 turre
1309 1267 1354 1291 se
1380 1250 1670 1307 receperunt3
1675 1282 1761 1291 .....

287 1383 452 1434 [VHL]
480 1382 702 1437 Quomodo
730 1384 948 1421 contraxit
976 1383 1298 1420 matrimonium
1330 1395 1423 1419 eum
1452 1377 1709 1420 Aleenoricle
1735 1389 1763 1418 Γ.

346 1488 405 1528 Ea
432 1493 692 1542 tempestate
715 1484 986 1534 VVillermus,
1018 1483 1105 1523 (lux
1128 1481 1381 1539 Aquitanie,
1413 1482 1528 1539 apud
1558 1482 1767 1523 Sanctum

287 1555 496 1596 Jacobum
527 1568 712 1611 peregre
747 1552 987 1609 profectus,
1028 1550 1227 1591 molestia
1264 1548 1463 1606 corporis
1491 1548 1553 1589 ibi
1589 1564 1766 1604 correp-

286 1631 371 1673 tus,
412 1620 523 1663 viam
559 1620 758 1662 universe
794 1619 937 1661 carnis
971 1618 1196 1677 ingressus
1230 1626 1295 1658 est
1310 1617 1337 1658 4.
1381 1619 1478 1673 Ipse
1513 1616 1620 1658 duas
1657 1615 1766 1656 filias

286 1689 591 1731 tantummodo
626 1689 843 1737 habebat,
881 1687 1015 1728 altera
1052 1702 1234 1743 quarum
1275 1694 1427 1726 vocata
1463 1684 1543 1725 fuit
1575 1683 1765 1727 Alcnor,

287 1758 422 1799 altera
455 1756 591 1798 Aaliz.
624 1759 758 1798 Terra
788 1763 931 1796 autem
957 1753 1208 1811 Aquitauie,
1236 1753 1415 1794 domino
1444 1768 1521 1793 suo
1541 1750 1765 1801 destituta,

286 1827 452 1883 absque
480 1825 642 1866 herede
666 1840 782 1865 mare
810 1822 1034 1864 remansit.
1065 1821 1235 1863 Idcirco
1262 1838 1336 1863 rex
1358 1819 1604 1862 Lildovicus
1633 1827 1766 1860 totam

286 1892 565 1951 Aquitaniam
593 1892 635 1933 in
672 1908 799 1933 manu
829 1908 904 1932 sua
930 1890 1111 1932 retinuit
1132 1900 1166 1940 ⁸,
1207 1890 1475 1946 alteramque
1508 1888 1562 1929 de
1598 1887 1767 1928 duabus

286 1960 498 2018 predictis
540 1960 782 2011 sororibus,
829 1959 999 2001 scilicet
1038 1959 1345 2001 Alenordemt
1395 1965 1496 1998 natu
1540 1957 1764 2012 majorem,

288 2028 567 2069 matrimonio
615 2027 697 2069 sibi
745 2027 951 2077 sociavit,
1003 2027 1181 2068 alteram
1230 2042 1348 2076 vero,
1395 2023 1600 2065 videlicet
1649 2023 1768 2064 Aaliz

282 2097 521 2153 juniorem,
557 2096 758 2146 Raduls0‚
791 2094 938 2137 comiti
964 2093 1319 2144 viromandensi,
1349 2092 1393 2133 in
1420 2108 1599 2134 uxorem
1631 2091 1768 2132 dona-

327 2229 353 2247 r.
380 2217 560 2247 Alienorde
579 2217 617 2247 G.
636 2234 675 2239 —
691 2218 733 2246 Ce
749 2215 825 2245 titre
845 2226 1000 2255 manque,
1020 2214 1109 2244 airzei
1127 2225 1189 2254 que
1207 2213 1252 2243 les
1272 2213 1433 2248 suivant-9,
1459 2212 1544 2241 dan-5
1563 2210 1601 2242 G.
1626 2212 1717 2241 Dans
1732 2211 1768 2243 A,

292 2259 331 2289 ils
348 2263 423 2288 sont
437 2260 546 2289 tanto‘t
564 2258 650 2287 dans
668 2257 696 2287 le
711 2261 808 2293 leaete,
829 2258 937 2287 tmztdt
953 2258 972 2285 ἁ
992 2256 1023 2286 la
1039 2267 1162 2296 margo.

331 2312 356 2330 s.
382 2300 492 2330 tenuit
509 2301 544 2330 A.

329 2346 351 2372 t.
378 2341 595 2372 Alienordem
612 2341 649 2371 G.

332 2490 358 2518 1.
384 2488 426 2518 Le
446 2487 635 2517 manuscrit
653 2491 750 2527 porte
767 2486 921 2519 sedebat;
942 2495 1027 2514 nous
1042 2483 1240 2524 corrigeons
1259 2493 1340 2513 avec
1357 2482 1398 2511 M.
1418 2481 1496 2511 Lair
1511 2480 1659 2510 cedebat.

330 2532 358 2559 2.
384 2529 607 2570 Rapprocher
625 2532 710 2558 cette
730 2527 928 2568 expression
953 2527 1052 2556 d'une
1067 2526 1193 2566 phrase
1214 2525 1254 2554 de
1276 2525 1308 2553 la
1339 2524 1391 2553 Vie
1414 2524 1455 2552 de
1471 2522 1569 2552 Louis
1596 2524 1643 2557 VI,
1666 2532 1699 2562 p.
1721 2523 1768 2551 78.

290 2572 370 2601 Voir
387 2572 419 2600 la
436 2575 523 2600 note.

330 2615 357 2642 3.
384 2612 429 2642 Ici
450 2612 588 2641 s'arrete
611 2611 641 2641 le
664 2612 835 2651 fragment
855 2609 972 2650 publie
993 2619 1056 2649 par
1078 2608 1121 2637 M.
1142 2607 1220 2637 Lair
1243 2607 1379 2647 d'apr'es
1396 2606 1426 2635 le
1454 2604 1644 2635 manuscrit
1666 2604 1703 2634 D.
1727 2603 1770 2633 Ce

288 2654 345 2694 qui
365 2654 433 2683 suit
450 2657 502 2683 est
519 2652 689 2682 l'llistoria
707 2651 848 2693 gloriosi
865 2651 950 2691 regis
973 2649 1141 2685 Ladonici,
1165 2649 1245 2679 telle
1269 2659 1333 2688 que
1357 2648 1389 2677 la
1410 2647 1560 2677 donnent
1577 2647 1608 2676 le
1630 2656 1769 2675 manus-

288 2695 353 2724 crit
368 2695 394 2725 G
412 2699 444 2725 et
464 2695 513 2724 les
531 2694 645 2734 copies
664 2693 704 2722 de
724 2694 756 2722 la
771 2692 1004 2722 continuation
1023 2690 1190 2720 d'Aimoin
1207 2689 1293 2727 (voir
1310 2689 1343 2718 la
1360 2688 1521 2729 preface).

331 2738 358 2766 4.
385 2736 591 2772 Guillaume,
612 2735 676 2766 duc
695 2734 921 2775 d’Aquitaine,
941 2737 1079 2763 mourut
1097 2732 1126 2762 lc
1144 2734 1162 2762 0
1183 2731 1270 2762 avril
1289 2731 1378 2760 1137.
