1846 3184
222 162 239 187 >i
892 158 1034 189 SUGER

224 235 381 276 ciendo
410 233 620 275 voluntati
655 250 731 275 sue
759 234 1008 276 satisfacere
1036 236 1221 285 valeret,
1252 237 1464 277 subsedit.
1503 238 1701 294 Cumque

225 304 267 343 in
308 301 511 359 Aug-liam
558 302 897 353 transfretasset,
949 302 1125 343 laseivie
1167 312 1209 344 et
1258 303 1418 344 animiv
1465 304 1698 345 desideriis

223 369 425 419 deditus⁷
465 385 561 409 cum
608 369 794 425 quadam
837 369 907 410 die
949 371 991 411 in
1035 372 1153 412 Nova
1197 371 1345 412 Silva¹
1385 370 1698 412 venacionibus

225 436 471 485 insisteret,
519 436 664 477 subito
720 436 944 493 inopinata
993 439 1150 495 sagitta
1194 455 1428 496 percussus
1475 437 1643 479 interiit
1665 438 1695 478 s.

225 503 473 561 Divinatum
504 512 571 544 est
597 504 773 545 virumg
795 504 940 545 divina
971 505 1135 546 ultione
1161 523 1439 563 percussum,
1474 512 1698 561 assumpto

221 570 415 611 veritatis
455 580 712 628 argumento
762 589 813 612 eo
855 573 972 628 quod
1013 588 1253 629 pauperum
1297 573 1499 614 extiterat
1541 572 1700 612 intole—

224 638 373 678 rabilis
419 654 678 695 oppressor,
723 639 1006 679 ecclesiarum
1048 640 1238 681 crudelis
1279 639 1519 689 exactorl1‚
1574 648 1617 679 et
1665 638 1699 678 si

224 705 399 761 quando
436 705 632 761 episcopi
664 706 729 745 vel
765 706 921 762 prelati
958 707 1241 758 decederent,
1279 707 1701 748 irreverentissimus

224 780 418 813 retentor
455 781 497 813 et
533 772 786 828 dissipator.
830 775 1144 829 Impone-batur
1177 791 1197 814 a
1232 774 1494 831 quibusdam
1528 773 1700 815 cuidam

222 838 499 880 nobilissimo
527 839 619 880 viro
645 840 871 882 Galterioi
900 841 1063 881 Tirello
1095 842 1210 897 quod
1237 858 1334 882 eum
1366 841 1523 899 sagitta
1553 840 1699 897 perfo-

222 906 359 946 derat.
403 908 540 959 Quem
579 923 675 948 cum
718 923 798 947 nec
843 907 1016 948 timeret
1052 924 1130 948 nec
1168 917 1379 965 speraret,
1413 906 1701 964 jurejurando

224 973 371 1030 sepius
399 973 641 1014 audivimus
673 982 715 1014 et
752 975 874 1031 quasi
913 983 1239 1016 sacrosanctum
1277 991 1469 1016 asserere
1504 975 1622 1032 quod
1653 988 1701 1014 ea

223 1040 294 1081 die
320 1057 400 1081 nec
426 1040 469 1080 in
493 1057 585 1081 eam
612 1049 780 1097 partem
803 1041 925 1092 silve>
950 1041 991 1082 in
1015 1058 1099 1098 qua
1122 1058 1196 1083 rex
1213 1044 1470 1093 venabatur,
1497 1042 1668 1082 venerit
1684 1038 1707 1079 J*

223 1124 303 1149 nce
330 1125 426 1148 euin
449 1109 493 1149 in
517 1109 621 1149 silva
645 1110 823 1149 omniuo
844 1109 1004 1150 viderit
1026 1111 1055 1149 2.
1082 1110 1207 1151 Unde
1233 1118 1405 1151 constat
1425 1117 1590 1150 tantam
1615 1116 1702 1149 tam

223 1174 367 1216 subito
392 1175 500 1216 tanti
530 1175 675 1216 divina
706 1177 909 1232 potencia
935 1176 978 1216 in
1000 1177 1186 1217 favillam
1213 1177 1439 1217 evanuisse
1469 1175 1700 1226 insaniam,

224 1242 304 1282 utls
346 1243 419 1299 qui
467 1242 574 1283 alios
616 1259 937 1299 supervacanee
980 1243 1269 1300 inquietabat,
1311 1244 1485 1301 gravius
1530 1242 1702 1283 infinite

223 1308 493 1366 inquietetur
541 1317 582 1350 et
629 1309 702 1366 qui
752 1309 895 1350 omnia
936 1311 1195 1367 appetebat,
1242 1310 1457 1369 inglorius
1500 1309 1705 1351 omnibus

224 1384 418 1417 exuatur.
452 1379 544 1417 Deo
570 1376 702 1427 enim,
729 1377 803 1434 qui
826 1378 1018 1418 balteum
1040 1394 1192 1435 regum
1214 1378 1424 1436 discingit
1444 1379 1475 1428 3,
1503 1393 1637 1435 regna
1661 1385 1703 1417 et

223 1459 458 1500 regnorum
473 1445 570 1499 jura
596 1444 887 1485 subiciuntur.
916 1445 1140 1486 Successit
1162 1445 1304 1486 eidem
1331 1445 1549 1487 Guilelmo
1573 1459 1701 1500 quam

223 1511 426 1552 celeriter
458 1511 502 1551 in
531 1528 666 1569 regno
700 1512 831 1552 frater
868 1512 1010 1553 minor
1044 1522 1163 1563 natu,
1202 1514 1408 1569 quoniam
1449 1509 1706 1554 Robertusl

223 1580 360 1634 major
386 1580 430 1619 in
466 1579 537 1619 illa
576 1595 730 1637 magna
764 1579 1052 1636 expedicione
1087 1580 1225 1621 sancti
1258 1580 1490 1637 Sepulchri
1521 1581 1700 1638 agebat,

220 1645 286 1687 vir
313 1646 684 1703 prudentissimus
711 1647 926 1689 Henricus
948 1648 979 1698 4,
1017 1650 1139 1704 eujus
1162 1656 1247 1688 tam
1284 1648 1538 1690 admiranda
1573 1664 1702 1706 quam

222 1713 491 1770 predicanda
513 1714 645 1754 animi
659 1725 689 1742 m
718 1723 760 1755 et
782 1714 981 1771 corporis
1005 1716 1240 1757 strenuitas
1262 1725 1305 1757 et
1327 1717 1511 1757 scientia
1534 1724 1702 1774 gratam

222 1780 467 1822 offerrentn
500 1781 739 1823 materiam.
780 1783 867 1824 Sed
903 1783 963 1823 nil
998 1792 1146 1824 nostra
1176 1784 1323 1834 refert,
1355 1784 1439 1824 nisi
1466 1785 1501 1824 si
1536 1783 1702 1841 aliquid

221 1848 470 1888 incidenter
494 1850 656 1889 nostris
679 1849 967 1891 convertibile
987 1850 1223 1908 aliquando
1245 1867 1325 1891 nos
1347 1859 1564 1908 oporteat,
1591 1850 1703 1892 sicut

259 1977 287 1996 e.
312 1966 423 1996 anime
439 1966 474 1996 C.

258 2008 281 2047 sl
308 2008 480 2047 percussit
497 2008 628 2037 interiit
642 2008 664 2037 C
677 2032 683 2043 ‚
704 2009 740 2038 D.

255 2060 290 2089 g.
316 2048 405 2078 hunc
420 2049 533 2079 virum
548 2050 583 2079 C.

259 2090 290 2120 lz.
316 2094 475 2119 exauctor
494 2091 530 2125 D,
551 2091 585 2119 C.

259 2131 280 2160 i.
307 2131 482 2161 Gualterio
497 2132 534 2160 B.

252 2172 281 2212 j.
307 2172 476 2201 invenerit
493 2183 576 2201 corr.
603 2172 637 2202 C.

260 2213 290 2243 lt.
315 2217 352 2242 ut
366 2214 456 2243 deest
475 2214 510 2249 E,
528 2214 566 2243 G.

260 2254 280 2284 l.
305 2255 498 2284 Rodbertus
518 2255 554 2284 D.

259 2307 301 2324 m.
327 2306 430 2335 quam
448 2296 489 2325 ad
510 2296 719 2335 predicanda
731 2297 767 2326 D.

257 2347 289 2365 n.
316 2336 459 2366 afferent
477 2337 511 2366 G.

260 2498 287 2526 1.
313 2498 417 2527 Entre
442 2498 653 2527 Winchester
674 2503 706 2528 et
731 2499 993 2540 Southampton.
1021 2519 1062 2524 -
1090 2502 1137 2531 La
1160 2505 1249 2531 mort
1273 2501 1313 2531 de
1340 2501 1533 2531 Guillaume
1556 2502 1588 2531 le
1606 2501 1703 2531 Roux

219 2538 296 2568 date
314 2538 359 2567 du
375 2540 392 2567 2
410 2543 491 2568 aout
508 2540 597 2569 1100.

260 2580 287 2608 2.
315 2579 407 2609 Cette
426 2580 564 2620 opinion
586 2581 627 2610 de
651 2582 761 2621 Suger
785 2592 844 2611 sur
867 2582 900 2611 la
926 2593 1027 2613 cause
1051 2583 1091 2613 de
1115 2584 1149 2613 la
1169 2588 1259 2614 mort
1281 2583 1322 2613 de
1349 2583 1542 2614 Guillaume
1560 2584 1591 2613 le
1607 2584 1702 2614 Roux

219 2620 266 2649 lui
286 2625 347 2657 est,
363 2632 629 2661 croyons—nous,
648 2626 741 2652 toute
756 2624 983 2662 personnelle.

262 2662 288 2690 3.
317 2662 503 2702 Comparez
521 2663 596 2698 Job,
615 2664 684 2699 XII,
702 2664 749 2693 18.

260 2703 289 2732 li.
315 2703 418 2733 Heni-i
436 2705 477 2733 Ι’π
493 2705 676 2735 Beauclerc
694 2704 914 2746 (1100-1‘135).

1844 1509 1846 1516 .
1840 1463 1846 1502 ...ι-
1838 1307 1846 1455 -ιμᾸΑ.-.Α-Α
1839 1289 1846 1299 a
1841 1265 1846 1280 ..
1838 1219 1846 1258 qs<

1830 1603 1846 1939 ‘Am-’hfflmaa.2.
1838 1564 1846 1586 r.
1839 1543 1846 1550 ι
