1846 3184
288 155 341 184 114
957 154 1099 185 SUGER

285 230 499 287 Brugensi
530 230 726 281 victoria,
759 247 832 271 rex
866 246 962 271 cum
997 229 1084 270 suis
1113 233 1253 287 lprain
1273 230 1306 282 J‘,
1339 231 1634 287 peroptimum
1668 248 1762 273 cas-

283 306 412 347 trum,
459 306 611 338 contra
651 297 914 340 Guilelmum
957 298 1240 349 Bastardum,
1284 297 1558 355 prodicionis
1597 300 1762 340 saucto-

282 382 370 405 rem
397 366 431 415 ¹,
465 374 509 405 ut
537 374 580 406 et
608 366 649 406 in
686 382 782 406 eum
811 366 1063 416 ulciscatur,
1094 366 1324 417 accelerat,
1361 367 1610 423 Brugenses
1630 366 1648 394 A<
1675 376 1761 407 tam

282 432 409 473 minis
447 449 576 489 quam
622 433 872 483 blandiciis,
921 433 1101 473 directis
1143 434 1196 473 ad
1249 450 1322 474 eos
1363 433 1559 483 nunciis,
1606 434 1757 483 allicit,

278 501 468 557 dumque
495 501 738 542 Guilelmus
765 518 861 542 cum
886 500 1097 541 trecentis
1123 500 1335 543 militibus
1358 501 1396 542 ei
1431 501 1593 551 obviat,
1625 502 1760 543 altera

278 584 377 625 pars
404 569 563 626 regalis
595 569 813 610 exereitus
839 569 883 609 in
912 585 1009 609 eum
1036 568 1178 620 irruit,
1203 569 1337 609 altera
1361 585 1411 609 ex
1433 569 1613 625 obliquo
1642 569 1721 609 alia
1750 569 1762 598 l

276 644 401 692 porta
417 636 643 677 castellum
666 637 874 677 audacter
894 645 1096 693 occupat,
1121 652 1260 692 eoque
1283 645 1471 687 retento,
1493 636 1758 677 Guilelmum

275 720 295 743 a
318 711 407 743 tota
427 703 628 744 Flandria
652 704 965 745 exheredatum
994 703 1273 754 exterminat,
1302 711 1346 743 et
1370 703 1469 759 quia
1498 703 1758 760 prodieione

274 771 326 811 ad
376 771 690 827 possidendam
732 771 983 813 Flandriam
1029 770 1312 828 aspiraverat,
1365 772 1519 811 merito
1572 770 1615 811 in
1666 779 1756 812 tota

272 839 478 880 Flandria
528 839 663 880 nichil
704 839 909 880 obtinuit.
958 838 1033 879 llis
1082 855 1186 896 ergo
1228 846 1270 879 et
1314 838 1499 879 diversis
1542 838 1755 879 ultionum

276 906 414 947 modis
437 915 477 947 et
505 907 731 964 sanguinis
760 906 883 947 multi
916 905 1130 947 effusione
1152 906 1241 946 lota
1269 914 1311 946 et
1339 905 1461 962 quasi
1490 905 1758 962 rebaptizata

271 973 494 1024 Flandria,
534 974 753 1016 Guilehno
796 976 1050 1016 Normanno
1091 974 1249 1014 comite
1287 973 1552 1023 constituto,
1597 989 1671 1014 rex
1714 974 1757 1014 in

271 1041 517 1093 Franciam,
550 1044 642 1083 Deo
671 1041 927 1093 auxiliante,
957 1040 1098 1082 victor
1123 1040 1331 1082 remeavit
1351 1044 1379 1080 2’.

331 1157 497 1207 [XXX.]
520 1155 607 1196 Sed
628 1163 670 1195 et
691 1154 818 1195 aliam
843 1153 1117 1195 consimilem
1139 1162 1182 1194 et
1204 1156 1296 1195 Deo
1318 1161 1485 1211 gratam
1503 1162 1545 1194 et
1564 1154 1645 1194 alia
1664 1153 1757 1195 vice

271 1222 478 1263 famosam
524 1221 624 1263 feeit
666 1222 895 1272 ultionem,
958 1233 1101 1262 cumm
1143 1221 1366 1262 hominem
1409 1221 1756 1278 perditissimum

269 1291 480 1331 'l‘homam
504 1290 556 1330 de
586 1292 787 1341 Marnan,
823 1289 1053 1330 eeclesiam
1080 1289 1160 1330 Dei
1188 1290 1485 1330 terebrantem
1515 1305 1594 1330 nec
1617 1291 1753 1330 Deum

270 1373 349 1398 nec
380 1357 602 1398 hominem
634 1364 924 1406 reverentem,
953 1356 996 1396 in
1026 1372 1156 1396 manu
1184 1356 1286 1396 forti
1317 1356 1520 1396 celeriter
1547 1364 1754 1412 tanquam

268 1424 477 1466 ticionem
500 1425 785 1483 fumigantem
813 1425 998 1465 extinxit
1017 1426 1047 1464 3.
1075 1423 1270 1477 Querulo
1299 1422 1517 1480 siquidem
1544 1423 1755 1464 eeclesia-

270 1508 363 1532 rum
400 1492 578 1549 planctu
615 1492 884 1549 compulsus,
926 1507 1023 1532 cum
1064 1490 1321 1532 Laudunum
1363 1491 1415 1531 ad
1450 1489 1754 1531 ulciscendum

269 1560 562 1610 adventasset,
593 1559 903 1617 episcoporum
932 1567 974 1599 et
1008 1557 1133 1616 regni
1169 1557 1429 1614 optimatum
1468 1557 1753 1614 persuasione

268 1636 309 1667 et
346 1628 528 1668 maxime
567 1626 733 1685 egregii
772 1625 945 1667 comitis
989 1624 1352 1668 Viromandensis
1398 1624 1625 1674 Radulfi4,
1679 1624 1752 1681 qui

267 1695 498 1751 potencior
519 1695 614 1735 aliis
640 1703 740 1751 post
765 1710 912 1751 regem
938 1692 982 1733 in
1011 1693 1209 1749 partibus
1235 1691 1322 1732 illis
1347 1701 1454 1742 erat,
1482 1691 1685 1742 consilio,
1708 1690 1751 1731 in

268 1776 363 1800 eum
402 1760 563 1800 ducere
600 1759 840 1800 exercitum
868 1757 1094 1799 Cotiacum
1117 1758 1131 1784 ³3
1165 1756 1455 1797 deliberatum
1491 1765 1571 1797 est.
1610 1755 1752 1797 Festi-

267 1835 397 1868 nante
426 1836 569 1868 autem
595 1843 697 1885 rege
720 1826 772 1867 ad
803 1835 1009 1875 castrum,
1039 1841 1136 1866 cum
1165 1824 1238 1881 qui
1268 1824 1390 1864 missi
1422 1824 1591 1864 fuerant
1619 1839 1750 1880 opor-

316 1939 329 1968 “.
356 1939 379 1968 Y
394 1950 483 1968 ›ram
501 1939 536 1968 F.

304 1951 335 2009 is.
365 1950 448 2008 Tloics
476 1980 522 2009 les
549 1979 749 2009 manuscrits
772 1982 906 2019 portent
935 1978 1149 2018 Brugenses;
1181 1976 1204 2006 it
1228 1975 1383 2016 faudrait
1407 1977 1577 2015 peut—e‘tre
1605 1975 1752 2016 corriget·

266 2022 447 2061 Yprenses.

306 2063 327 2092 l.
354 2063 469 2102 aliqua
484 2063 519 2091 E.

305 2116 346 2133 m.
372 2105 439 2133 Rex
457 2104 598 2133 francio
616 2103 820 2137 Ludovicus,
846 2103 933 2132 sicut
953 2112 1041 2130 anno
1059 2099 1265 2141 precedenti,
1286 2099 1500 2129 consimilem
1525 2104 1557 2129 et
1576 2100 1642 2129 Deo
1667 2110 1748 2140 gra-

265 2150 334 2175 tam
356 2146 434 2174 feeit
451 2145 626 2177 ultionem,
647 2156 723 2174 eum
742 2145 776 2173 F.

305 2198 334 2216 ιι.
362 2187 538 2216 dominum
557 2186 689 2216 (jociaci
705 2186 786 2215 add.
808 2186 842 2214 F.

306 2280 332 2308 'l.
351 2279 544 2309 (juillamnc
559 2279 589 2307 le
604 2278 730 2307 Batard
744 2277 825 2307 etait
843 2277 960 2306 ensant
971 2276 1105 2305 naturel
1123 2275 1162 2303 de
1178 2275 1348 2315 philippe,
1364 2274 1487 2303 second
1502 2274 1555 2303 fils
1568 2273 1607 2303 de
1622 2274 1748 2304 Robert

262 2321 292 2350 le
318 2321 449 2349 Frisou.
476 2321 501 2349 11
524 2320 606 2349 etait
633 2324 775 2349 soutenu
803 2319 887 2347 dans
910 2328 963 2347 ses
990 2317 1201 2357 pretentions
1227 2327 1290 2356 par
1310 2316 1411 2345 Henri
1439 2315 1682 2355 d'Angleterre.
1703 2316 1746 2345 Le

263 2362 400 2391 eombat
417 2362 557 2401 d'Ypres
575 2366 630 2390 eut
648 2361 715 2390 lieu
736 2361 766 2389 lc
785 2361 823 2389 20
840 2359 938 2388 avril.

305 2405 331 2432 2.
360 2403 401 2431 Le
421 2403 469 2431 rui
487 2403 597 2441 quitta
616 2403 746 2442 Bruges
765 2412 852 2441 pour
871 2404 1048 2429 retourner
1067 2410 1106 2428 en
1125 2400 1252 2428 Franee
1271 2399 1301 2428 le
1319 2400 1337 2427 6
1355 2398 1421 2427 mai
1443 2398 1526 2427 1127.

305 2446 332 2473 33,
359 2444 587 2483 L'expedition
608 2448 722 2473 contre
746 2443 895 2471 Thomas
920 2441 960 2470 de
979 2441 1083 2470 Μαι-10
1105 2446 1155 2470 est
1172 2441 1268 2470 datee
1290 2451 1353 2480 par
1373 2440 1421 2469 les
1440 2450 1503 2468 uns
1522 2439 1561 2467 de
1581 2439 1667 2473 11:30,
1685 2449 1748 2478 par

263 2486 311 2515 les
330 2490 444 2514 autres
470 2485 509 2513 de
538 2486 629 2520 112&
661 2486 743 2513 (sest
759 2488 844 2513 cette
869 2483 1023 2512 derniere
1047 2483 1123 2511 date
1142 2493 1205 2522 que
1224 2482 1334 2511 donne
1348 2481 1379 2509 le
1404 2480 1593 2509 manuscrit
1608 2481 1641 2509 FL
1662 2480 1746 2509 Donl

263 2527 442 2566 Duplessis
476 2526 568 2565 illisi.
605 2526 645 2555 cle
679 2528 806 2564 Cone-y,
831 2527 875 2562 525
912 2524 1035 2563 adopte
1057 2524 1089 2552 la
1110 2524 1298 2563 premiere,
1330 2533 1370 2551 en
1401 2532 1435 2550 se
1458 2521 1599 2550 tondant
1626 2532 1684 2550 sur
1712 2521 1745 2550 la

263 2568 456 2607 Chronique
475 2568 515 2596 de
534 2567 791 2596 saint-Medma
811 2566 850 2594 (le
871 2566 1042 2595 Soissons.

302 2611 331 2638 li.
358 2610 446 2637 Uest
460 2620 499 2637 en
517 2610 593 2637 ell‘et
608 2612 626 2637 ἐι
642 2609 674 2637 la
692 2610 828 2648 requetc
847 2607 886 2636 de
905 2607 1012 2636 Raoul
1028 2607 1067 2635 de
1085 2605 1307 2635 Yermandois
1322 2614 1385 2644 que
1405 2603 1505 2633 Louis
1522 2604 1561 2632 Vl
1579 2603 1745 2642 entreprit

261 2655 346 2679 cette
366 2650 521 2679 nouvelle
536 2660 737 2689 eampagne.

301 2694 329 2720 5.
354 2692 706 2731 Conoy-lc-fflmtcau,
726 2690 838 2719 Ais-ne.
857 2690 905 2719 On
921 2691 1059 2718 eonnait
1076 2689 1109 2717 la
1132 2690 1216 2717 forte
1232 2687 1380 2727 position
1397 2687 1436 2715 de
1455 2697 1490 2715 ee
1509 2686 1672 2721 chitteau;
1693 2684 1742 2714 les

260 2733 511 2762 constructions
529 2733 586 2772 qui
606 2732 793 2762 subsistent
812 2741 852 2761 ne
871 2731 987 2760 (latent
1006 2730 1180 2759 d'ailleurs
1198 2739 1261 2769 que
1281 2728 1325 2757 du
1343 2735 1418 2758 xmp·
1439 2728 1549 2757 siecle.
