<?xml version="1.0" encoding="UTF-8"?>
<!DOCTYPE html PUBLIC "-//W3C//DTD XHTML 1.0 Transitional//EN"
    "http://www.w3.org/TR/xhtml1/DTD/xhtml1-transitional.dtd">
<html xmlns="http://www.w3.org/1999/xhtml" xml:lang="en" lang="en">
 <head>
  <title>
</title>
<meta http-equiv="Content-Type" content="text/html;charset=utf-8" />
  <meta name='ocr-system' content='tesseract 3.04.00' />
  <meta name='ocr-capabilities' content='ocr_page ocr_carea ocr_par ocr_line ocrx_word'/>
</head>
<body>
  <div class='ocr_page' id='page_1' title='image "./viedelouislegros00sugeuoft_0123.png"; bbox 0 0 1846 3184; ppageno 0'>
   <div class='ocr_carea' id='block_1_1' title="bbox 604 72 1603 106">
    <p class='ocr_par' dir='ltr' id='par_1_1' title="bbox 604 72 1603 106">
     <span class='ocr_line' id='line_1_1' title="bbox 604 72 1603 106; baseline 0.003 -3"><span class='ocrx_word' id='word_1_1' title='bbox 604 73 672 104; x_wconf 77' lang='lat' dir='ltr'>vm</span> <span class='ocrx_word' id='word_1_2' title='bbox 698 73 751 104; x_wconf 89' lang='lat' dir='ltr'>DE</span> <span class='ocrx_word' id='word_1_3' title='bbox 776 72 907 103; x_wconf 90' lang='lat' dir='ltr'>LOUIS</span> <span class='ocrx_word' id='word_1_4' title='bbox 932 72 984 103; x_wconf 88' lang='lat' dir='ltr'>LE</span> <span class='ocrx_word' id='word_1_5' title='bbox 1010 73 1122 105; x_wconf 89' lang='lat' dir='ltr'><strong>GROS</strong></span> <span class='ocrx_word' id='word_1_6' title='bbox 1568 76 1603 106; x_wconf 86' lang='lat'>71</span> 
     </span>
    </p>
   </div>
   <div class='ocr_carea' id='block_1_2' title="bbox 109 150 1604 1704">
    <p class='ocr_par' dir='ltr' id='par_1_2' title="bbox 114 150 1604 735">
     <span class='ocr_line' id='line_1_2' title="bbox 121 150 1604 209; baseline -0.001 -15"><span class='ocrx_word' id='word_1_7' title='bbox 121 169 214 194; x_wconf 91' lang='lat' dir='ltr'>mus</span> <span class='ocrx_word' id='word_1_8' title='bbox 240 154 268 202; x_wconf 77' lang='lat'>¹,</span> <span class='ocrx_word' id='word_1_9' title='bbox 308 161 350 194; x_wconf 91' lang='lat' dir='ltr'>et</span> <span class='ocrx_word' id='word_1_10' title='bbox 386 154 429 193; x_wconf 88' lang='lat' dir='ltr'>in</span> <span class='ocrx_word' id='word_1_11' title='bbox 467 160 591 209; x_wconf 87' lang='lat' dir='ltr'>parte</span> <span class='ocrx_word' id='word_1_12' title='bbox 624 150 778 192; x_wconf 87' lang='lat' dir='ltr'>nociva</span> <span class='ocrx_word' id='word_1_13' title='bbox 819 159 861 191; x_wconf 84' lang='lat' dir='ltr'>et</span> <span class='ocrx_word' id='word_1_14' title='bbox 897 151 940 191; x_wconf 88' lang='lat' dir='ltr'>in</span> <span class='ocrx_word' id='word_1_15' title='bbox 975 160 1097 207; x_wconf 87' lang='lat' dir='ltr'>parte</span> <span class='ocrx_word' id='word_1_16' title='bbox 1127 153 1317 208; x_wconf 79' lang='lat' dir='ltr'>juvativa</span> <span class='ocrx_word' id='word_1_17' title='bbox 1356 152 1469 193; x_wconf 81' lang='lat' dir='ltr'>foret</span> <span class='ocrx_word' id='word_1_18' title='bbox 1511 154 1604 208; x_wconf 87' lang='lat' dir='ltr'>ejus</span> 
     </span>
     <span class='ocr_line' id='line_1_3' title="bbox 116 219 1603 278; baseline 0.001 -17"><span class='ocrx_word' id='word_1_19' title='bbox 116 220 393 269; x_wconf 81' lang='lat' dir='ltr'>deliberatio,</span> <span class='ocrx_word' id='word_1_20' title='bbox 419 220 547 278; x_wconf 74' lang='lat' dir='ltr'>quiat</span> <span class='ocrx_word' id='word_1_21' title='bbox 584 235 671 260; x_wconf 90' lang='lat' dir='ltr'>non</span> <span class='ocrx_word' id='word_1_22' title='bbox 708 219 930 276; x_wconf 82' lang='lat' dir='ltr'>potuimus</span> <span class='ocrx_word' id='word_1_23' title='bbox 963 220 1081 276; x_wconf 86' lang='lat' dir='ltr'>quod</span> <span class='ocrx_word' id='word_1_24' title='bbox 1115 220 1344 272; x_wconf 80' lang='lat' dir='ltr'>voluimus,</span> <span class='ocrx_word' id='word_1_25' title='bbox 1385 219 1603 263; x_wconf 89' lang='lat' dir='ltr'>voluimus</span> 
     </span>
     <span class='ocr_line' id='line_1_4' title="bbox 119 285 1600 345; baseline 0 -16"><span class='ocrx_word' id='word_1_26' title='bbox 119 288 235 344; x_wconf 83' lang='lat' dir='ltr'>quod</span> <span class='ocrx_word' id='word_1_27' title='bbox 264 290 499 345; x_wconf 87' lang='lat' dir='ltr'>potuimus.</span> <span class='ocrx_word' id='word_1_28' title='bbox 527 287 738 343; x_wconf 71' lang='lat' dir='ltr'>Abjurato</span> <span class='ocrx_word' id='word_1_29' title='bbox 775 285 993 343; x_wconf 78' lang='lat' dir='ltr'>siquidem</span> <span class='ocrx_word' id='word_1_30' title='bbox 1029 288 1091 329; x_wconf 71' lang='lat' dir='ltr'>ab.</span> <span class='ocrx_word' id='word_1_31' title='bbox 1114 304 1165 329; x_wconf 90' lang='lat' dir='ltr'>eo</span> <span class='ocrx_word' id='word_1_32' title='bbox 1197 288 1407 329; x_wconf 85' lang='lat' dir='ltr'>Curboilo</span> <span class='ocrx_word' id='word_1_33' title='bbox 1439 296 1600 338; x_wconf 84' lang='lat' dir='ltr'>castro,</span> 
     </span>
     <span class='ocr_line' id='line_1_5' title="bbox 118 353 1602 412; baseline 0.001 -16"><span class='ocrx_word' id='word_1_34' title='bbox 118 357 240 412; x_wconf 85' lang='lat' dir='ltr'>cujus</span> <span class='ocrx_word' id='word_1_35' title='bbox 265 372 310 396; x_wconf 90' lang='lat' dir='ltr'>se</span> <span class='ocrx_word' id='word_1_36' title='bbox 335 355 542 397; x_wconf 79' lang='lat' dir='ltr'><strong>heredem</strong></span> <span class='ocrx_word' id='word_1_37' title='bbox 563 355 773 411; x_wconf 84' lang='lat' dir='ltr'>jactabat,</span> <span class='ocrx_word' id='word_1_38' title='bbox 799 353 1013 410; x_wconf 81' lang='lat' dir='ltr'>abjuravit</span> <span class='ocrx_word' id='word_1_39' title='bbox 1031 365 1049 382; x_wconf 73' lang='lat' dir='ltr'><em>a</em></span> <span class='ocrx_word' id='word_1_40' title='bbox 1072 356 1200 396; x_wconf 88' lang='lat' dir='ltr'>nobis</span> <span class='ocrx_word' id='word_1_41' title='bbox 1221 356 1426 397; x_wconf 86' lang='lat' dir='ltr'>omnibus</span> <span class='ocrx_word' id='word_1_42' title='bbox 1449 372 1602 398; x_wconf 88' lang='lat' dir='ltr'>omnes</span> 
     </span>
     <span class='ocr_line' id='line_1_6' title="bbox 117 422 1604 479; baseline 0.001 -16"><span class='ocrx_word' id='word_1_43' title='bbox 117 423 332 479; x_wconf 68' lang='lat' dir='ltr'>angarias,</span> <span class='ocrx_word' id='word_1_44' title='bbox 356 439 507 464; x_wconf 85' lang='lat' dir='ltr'>omnes</span> <span class='ocrx_word' id='word_1_45' title='bbox 530 422 689 471; x_wconf 83' lang='lat' dir='ltr'>tallias,</span> <span class='ocrx_word' id='word_1_46' title='bbox 718 439 870 463; x_wconf 87' lang='lat' dir='ltr'>omnes</span> <span class='ocrx_word' id='word_1_47' title='bbox 895 423 1149 464; x_wconf 83' lang='lat' dir='ltr'>vexationes</span> <span class='ocrx_word' id='word_1_48' title='bbox 1176 423 1370 465; x_wconf 89' lang='lat' dir='ltr'>omnium</span> <span class='ocrx_word' id='word_1_49' title='bbox 1398 424 1604 465; x_wconf 87' lang='lat' dir='ltr'>ecclesia-</span> 
     </span>
     <span class='ocr_line' id='line_1_7' title="bbox 117 490 1604 548; baseline 0.002 -18"><span class='ocrx_word' id='word_1_50' title='bbox 117 506 210 531; x_wconf 85' lang='lat' dir='ltr'>rum</span> <span class='ocrx_word' id='word_1_51' title='bbox 239 499 281 531; x_wconf 91' lang='lat' dir='ltr'>et</span> <span class='ocrx_word' id='word_1_52' title='bbox 318 492 683 533; x_wconf 76' lang='lat' dir='ltr'>monasteriorum</span> <span class='ocrx_word' id='word_1_53' title='bbox 720 490 1051 548; x_wconf 82' lang='lat' dir='ltr'>possessionum</span> <span class='ocrx_word' id='word_1_54' title='bbox 1073 502 1104 541; x_wconf 65' lang='grc' dir='ltr'>ν,</span> <span class='ocrx_word' id='word_1_55' title='bbox 1145 499 1187 531; x_wconf 91' lang='lat' dir='ltr'>et</span> <span class='ocrx_word' id='word_1_56' title='bbox 1221 490 1334 532; x_wconf 88' lang='lat' dir='ltr'>datis</span> <span class='ocrx_word' id='word_1_57' title='bbox 1374 492 1604 534; x_wconf 78' lang='lat' dir='ltr'>obsidibus</span> 
     </span>
     <span class='ocr_line' id='line_1_8' title="bbox 114 558 1604 617; baseline 0.003 -19"><span class='ocrx_word' id='word_1_58' title='bbox 114 573 194 615; x_wconf 89' lang='lat' dir='ltr'>pro</span> <span class='ocrx_word' id='word_1_59' title='bbox 243 558 311 599; x_wconf 86' lang='lat' dir='ltr'>his</span> <span class='ocrx_word' id='word_1_60' title='bbox 361 559 565 600; x_wconf 86' lang='lat' dir='ltr'>omnibus</span> <span class='ocrx_word' id='word_1_61' title='bbox 614 568 657 600; x_wconf 88' lang='lat' dir='ltr'>et</span> <span class='ocrx_word' id='word_1_62' title='bbox 713 559 830 616; x_wconf 86' lang='lat' dir='ltr'>quod</span> <span class='ocrx_word' id='word_1_63' title='bbox 884 558 1113 600; x_wconf 88' lang='lat' dir='ltr'>Puteolum</span> <span class='ocrx_word' id='word_1_64' title='bbox 1166 575 1389 616; x_wconf 87' lang='lat' dir='ltr'>nunquam</span> <span class='ocrx_word' id='word_1_65' title='bbox 1439 561 1604 617; x_wconf 86' lang='lat' dir='ltr'>absque</span> 
     </span>
     <span class='ocr_line' id='line_1_9' title="bbox 115 625 1600 684; baseline 0.001 -17"><span class='ocrx_word' id='word_1_66' title='bbox 115 625 281 667; x_wconf 84' lang='lat' dir='ltr'>domini</span> <span class='ocrx_word' id='word_1_67' title='bbox 317 626 432 684; x_wconf 79' lang='lat' dir='ltr'>regis</span> <span class='ocrx_word' id='word_1_68' title='bbox 468 627 662 668; x_wconf 87' lang='lat' dir='ltr'>firmaret</span> <span class='ocrx_word' id='word_1_69' title='bbox 690 626 931 676; x_wconf 87' lang='lat' dir='ltr'>voluntate,</span> <span class='ocrx_word' id='word_1_70' title='bbox 966 625 1151 683; x_wconf 73' lang='lat' dir='ltr'>perfidIa</span> <span class='ocrx_word' id='word_1_71' title='bbox 1185 642 1271 667; x_wconf 88' lang='lat' dir='ltr'>non</span> <span class='ocrx_word' id='word_1_72' title='bbox 1306 635 1396 667; x_wconf 82' lang='lat' dir='ltr'>arte</span> <span class='ocrx_word' id='word_1_73' title='bbox 1441 626 1600 677; x_wconf 83' lang='lat' dir='ltr'>delusi,</span> 
     </span>
     <span class='ocr_line' id='line_1_10' title="bbox 116 693 415 735; baseline 0 0"><span class='ocrx_word' id='word_1_74' title='bbox 116 693 353 735; x_wconf 73' lang='lat' dir='ltr'>redivimus</span> <span class='ocrx_word' id='word_1_75' title='bbox 371 706 415 735; x_wconf 71' lang='lat' dir='ltr'>W.</span> 
     </span>
    </p>

    <p class='ocr_par' dir='ltr' id='par_1_3' title="bbox 109 761 1601 1704">
     <span class='ocr_line' id='line_1_11' title="bbox 174 761 1600 821; baseline 0.001 -18"><span class='ocrx_word' id='word_1_76' title='bbox 174 763 308 814; x_wconf 82' lang='lat' dir='ltr'>[XX.]</span> <span class='ocrx_word' id='word_1_77' title='bbox 350 763 439 805; x_wconf 85' lang='lat' dir='ltr'>Nec</span> <span class='ocrx_word' id='word_1_78' title='bbox 468 779 614 812; x_wconf 83' lang='lat' dir='ltr'>mora,</span> <span class='ocrx_word' id='word_1_79' title='bbox 657 778 753 804; x_wconf 87' lang='lat' dir='ltr'>cum</span> <span class='ocrx_word' id='word_1_80' title='bbox 795 761 984 802; x_wconf 84' lang='lat' dir='ltr'>necdum</span> <span class='ocrx_word' id='word_1_81' title='bbox 1028 762 1307 820; x_wconf 77' lang='lat' dir='ltr'>congelatum</span> <span class='ocrx_word' id='word_1_82' title='bbox 1348 763 1425 804; x_wconf 83' lang='lat' dir='ltr'>sed</span> <span class='ocrx_word' id='word_1_83' title='bbox 1470 763 1600 821; x_wconf 87' lang='lat' dir='ltr'>liqui-</span> 
     </span>
     <span class='ocr_line' id='line_1_12' title="bbox 112 828 1596 889; baseline 0.002 -20"><span class='ocrx_word' id='word_1_84' title='bbox 112 829 214 870; x_wconf 89' lang='lat' dir='ltr'>dum</span> <span class='ocrx_word' id='word_1_85' title='bbox 258 837 300 870; x_wconf 89' lang='lat' dir='ltr'>ct</span> <span class='ocrx_word' id='word_1_86' title='bbox 338 846 491 871; x_wconf 85' lang='lat' dir='ltr'>recens</span> <span class='ocrx_word' id='word_1_87' title='bbox 532 831 674 872; x_wconf 82' lang='lat' dir='ltr'>adhue</span> <span class='ocrx_word' id='word_1_88' title='bbox 710 837 1031 870; x_wconf 87' lang='lat' dir='ltr'>sacramentum</span> <span class='ocrx_word' id='word_1_89' title='bbox 1074 828 1391 880; x_wconf 57' lang='lat' dir='ltr'>floccifieretoe,</span> <span class='ocrx_word' id='word_1_90' title='bbox 1446 833 1596 889; x_wconf 77' lang='lat' dir='ltr'>Hugo,</span> 
     </span>
     <span class='ocr_line' id='line_1_13' title="bbox 111 896 1598 955; baseline 0.002 -19"><span class='ocrx_word' id='word_1_91' title='bbox 111 896 240 954; x_wconf 78' lang='lat' dir='ltr'>longa</span> <span class='ocrx_word' id='word_1_92' title='bbox 276 906 557 955; x_wconf 82' lang='lat' dir='ltr'>exasperatus</span> <span class='ocrx_word' id='word_1_93' title='bbox 595 897 815 955; x_wconf 81' lang='lat' dir='ltr'>captione,</span> <span class='ocrx_word' id='word_1_94' title='bbox 846 896 985 938; x_wconf 83' lang='lat' dir='ltr'>instar</span> <span class='ocrx_word' id='word_1_95' title='bbox 1009 896 1130 938; x_wconf 86' lang='lat' dir='ltr'>canis</span> <span class='ocrx_word' id='word_1_96' title='bbox 1153 897 1227 939; x_wconf 87' lang='lat' dir='ltr'>diu</span> <span class='ocrx_word' id='word_1_97' title='bbox 1263 898 1470 948; x_wconf 81' lang='lat' dir='ltr'>catenati,</span> <span class='ocrx_word' id='word_1_98' title='bbox 1506 898 1598 955; x_wconf 84' lang='lat' dir='ltr'>qui,</span> 
     </span>
     <span class='ocr_line' id='line_1_14' title="bbox 112 965 1600 1024; baseline 0.002 -19"><span class='ocrx_word' id='word_1_99' title='bbox 112 974 326 1022; x_wconf 84' lang='lat' dir='ltr'>concepta</span> <span class='ocrx_word' id='word_1_100' title='bbox 350 974 391 1006; x_wconf 88' lang='lat' dir='ltr'>et</span> <span class='ocrx_word' id='word_1_101' title='bbox 415 974 582 1008; x_wconf 85' lang='lat' dir='ltr'>retenta</span> <span class='ocrx_word' id='word_1_102' title='bbox 608 967 742 1024; x_wconf 75' lang='lat' dir='ltr'>longo</span> <span class='ocrx_word' id='word_1_103' title='bbox 764 974 963 1022; x_wconf 79' lang='lat' dir='ltr'>tempore</span> <span class='ocrx_word' id='word_1_104' title='bbox 985 966 1029 1006; x_wconf 89' lang='lat' dir='ltr'>in</span> <span class='ocrx_word' id='word_1_105' title='bbox 1056 965 1244 1006; x_wconf 89' lang='lat' dir='ltr'>vinculis</span> <span class='ocrx_word' id='word_1_106' title='bbox 1267 965 1453 1013; x_wconf 88' lang='lat' dir='ltr'>insania,</span> <span class='ocrx_word' id='word_1_107' title='bbox 1481 967 1600 1008; x_wconf 90' lang='lat' dir='ltr'>solu-</span> 
     </span>
     <span class='ocr_line' id='line_1_15' title="bbox 111 1032 1598 1092; baseline 0.001 -18"><span class='ocrx_word' id='word_1_108' title='bbox 111 1041 180 1074; x_wconf 85' lang='lat' dir='ltr'>tus</span> <span class='ocrx_word' id='word_1_109' title='bbox 206 1032 546 1075; x_wconf 80' lang='lat' dir='ltr'>intolerabiliter</span> <span class='ocrx_word' id='word_1_110' title='bbox 571 1034 756 1083; x_wconf 79' lang='lat' dir='ltr'>desevit,</span> <span class='ocrx_word' id='word_1_111' title='bbox 787 1042 1069 1075; x_wconf 81' lang='lat' dir='ltr'>excatenatus</span> <span class='ocrx_word' id='word_1_112' title='bbox 1098 1034 1270 1076; x_wconf 87' lang='lat' dir='ltr'>mordet</span> <span class='ocrx_word' id='word_1_113' title='bbox 1295 1043 1338 1076; x_wconf 87' lang='lat' dir='ltr'>et</span> <span class='ocrx_word' id='word_1_114' title='bbox 1362 1035 1598 1092; x_wconf 81' lang='lat' dir='ltr'>discerpit,</span> 
     </span>
     <span class='ocr_line' id='line_1_16' title="bbox 110 1101 1601 1160; baseline 0.001 -18"><span class='ocrx_word' id='word_1_115' title='bbox 110 1101 226 1142; x_wconf 84' lang='lat' dir='ltr'>haud</span> <span class='ocrx_word' id='word_1_116' title='bbox 250 1118 375 1143; x_wconf 81' lang='lat' dir='ltr'>secus</span> <span class='ocrx_word' id='word_1_117' title='bbox 399 1104 524 1160; x_wconf 73' lang='lat' dir='ltr'>Hugo</span> <span class='ocrx_word' id='word_1_118' title='bbox 549 1103 825 1160; x_wconf 80' lang='lat' dir='ltr'>congelatam</span> <span class='ocrx_word' id='word_1_119' title='bbox 848 1101 1136 1159; x_wconf 74' lang='lat' dir='ltr'>liquefaciens</span> <span class='ocrx_word' id='word_1_120' title='bbox 1165 1102 1422 1159; x_wconf 80' lang='lat' dir='ltr'>nequitiam,</span> <span class='ocrx_word' id='word_1_121' title='bbox 1452 1103 1601 1144; x_wconf 88' lang='lat' dir='ltr'>stimu-</span> 
     </span>
     <span class='ocr_line' id='line_1_17' title="bbox 110 1169 1596 1228; baseline 0.001 -18"><span class='ocrx_word' id='word_1_122' title='bbox 110 1169 184 1219; x_wconf 72' lang='lat' dir='ltr'>lat,</span> <span class='ocrx_word' id='word_1_123' title='bbox 213 1178 372 1219; x_wconf 86' lang='lat' dir='ltr'>movet,</span> <span class='ocrx_word' id='word_1_124' title='bbox 398 1170 450 1211; x_wconf 89' lang='lat' dir='ltr'>ad</span> <span class='ocrx_word' id='word_1_125' title='bbox 481 1170 674 1211; x_wconf 82' lang='lat' dir='ltr'>fraudem</span> <span class='ocrx_word' id='word_1_126' title='bbox 702 1170 932 1212; x_wconf 85' lang='lat' dir='ltr'>accelerat..</span> <span class='ocrx_word' id='word_1_127' title='bbox 966 1170 1288 1211; x_wconf 72' lang='lat' dir='ltr'>Consederatus</span> <span class='ocrx_word' id='word_1_128' title='bbox 1315 1169 1449 1228; x_wconf 75' lang='lat' dir='ltr'>igitur</span> <span class='ocrx_word' id='word_1_129' title='bbox 1473 1172 1596 1228; x_wconf 78' lang='lat' dir='ltr'>regni</span> 
     </span>
     <span class='ocr_line' id='line_1_18' title="bbox 110 1237 1601 1297; baseline 0 -18"><span class='ocrx_word' id='word_1_130' title='bbox 110 1237 430 1288; x_wconf 71' lang='lat' dir='ltr'>desederatisy,</span> <span class='ocrx_word' id='word_1_131' title='bbox 454 1237 662 1280; x_wconf 83' lang='lat' dir='ltr'>videlicet</span> <span class='ocrx_word' id='word_1_132' title='bbox 684 1238 879 1296; x_wconf 85' lang='lat' dir='ltr'>palatino</span> <span class='ocrx_word' id='word_1_133' title='bbox 903 1237 1053 1278; x_wconf 82' lang='lat' dir='ltr'>comiti</span> <span class='ocrx_word' id='word_1_134' title='bbox 1077 1238 1334 1279; x_wconf 85' lang='lat' dir='ltr'>Theobaldo</span> <span class='ocrx_word' id='word_1_135' title='bbox 1357 1247 1400 1280; x_wconf 86' lang='lat' dir='ltr'>et</span> <span class='ocrx_word' id='word_1_136' title='bbox 1422 1238 1601 1297; x_wconf 75' lang='lat' dir='ltr'>egregio</span> 
     </span>
     <span class='ocr_line' id='line_1_19' title="bbox 111 1304 1600 1365; baseline 0.001 -19"><span class='ocrx_word' id='word_1_137' title='bbox 111 1304 202 1363; x_wconf 78' lang='lat' dir='ltr'>regi</span> <span class='ocrx_word' id='word_1_138' title='bbox 236 1305 477 1362; x_wconf 68' lang='lat' dir='ltr'>Anglorum</span> <span class='ocrx_word' id='word_1_139' title='bbox 514 1306 720 1357; x_wconf 84' lang='lat' dir='ltr'>Henrico,</span> <span class='ocrx_word' id='word_1_140' title='bbox 753 1323 850 1348; x_wconf 89' lang='lat' dir='ltr'>eum</span> <span class='ocrx_word' id='word_1_141' title='bbox 885 1305 1113 1347; x_wconf 86' lang='lat' dir='ltr'>dominum</span> <span class='ocrx_word' id='word_1_142' title='bbox 1149 1323 1297 1365; x_wconf 80' lang='lat' dir='ltr'>regem</span> <span class='ocrx_word' id='word_1_143' title='bbox 1334 1306 1600 1348; x_wconf 82' lang='lat' dir='ltr'>Ludovicum</span> 
     </span>
     <span class='ocr_line' id='line_1_20' title="bbox 109 1371 1598 1433; baseline 0.002 -20"><span class='ocrx_word' id='word_1_144' title='bbox 109 1371 153 1413; x_wconf 85' lang='lat' dir='ltr'>in</span> <span class='ocrx_word' id='word_1_145' title='bbox 185 1373 436 1414; x_wconf 86' lang='lat' dir='ltr'>Flandriam</span> <span class='ocrx_word' id='word_1_146' title='bbox 458 1375 472 1402; x_wconf 75' lang='lat'><strong>2</strong></span> <span class='ocrx_word' id='word_1_147' title='bbox 506 1391 585 1431; x_wconf 89' lang='lat' dir='ltr'>pro</span> <span class='ocrx_word' id='word_1_148' title='bbox 615 1374 739 1433; x_wconf 83' lang='lat' dir='ltr'>regni</span> <span class='ocrx_word' id='word_1_149' title='bbox 773 1373 966 1431; x_wconf 72' lang='lat' dir='ltr'>negotiis</span> <span class='ocrx_word' id='word_1_150' title='bbox 1001 1375 1301 1431; x_wconf 62' lang='lat' dir='ltr'>profecturum</span> <span class='ocrx_word' id='word_1_151' title='bbox 1334 1374 1598 1431; x_wconf 79' lang='lat' dir='ltr'>accepisset,</span> 
     </span>
     <span class='ocr_line' id='line_1_21' title="bbox 111 1440 1597 1500; baseline 0.001 -19"><span class='ocrx_word' id='word_1_152' title='bbox 111 1440 297 1481; x_wconf 86' lang='lat' dir='ltr'>collecto</span> <span class='ocrx_word' id='word_1_153' title='bbox 323 1450 679 1500; x_wconf 86' lang='lat' dir='ltr'>quantocumque</span> <span class='ocrx_word' id='word_1_154' title='bbox 705 1442 901 1500; x_wconf 90' lang='lat' dir='ltr'>equitum</span> <span class='ocrx_word' id='word_1_155' title='bbox 931 1450 974 1482; x_wconf 84' lang='lat' dir='ltr'>et</span> <span class='ocrx_word' id='word_1_156' title='bbox 995 1441 1193 1499; x_wconf 84' lang='lat' dir='ltr'>peditum</span> <span class='ocrx_word' id='word_1_157' title='bbox 1217 1442 1361 1499; x_wconf 80' lang='lat' dir='ltr'>potuit</span> <span class='ocrx_word' id='word_1_158' title='bbox 1384 1442 1597 1493; x_wconf 79' lang='lat' dir='ltr'>exercitu,</span> 
     </span>
     <span class='ocr_line' id='line_1_22' title="bbox 111 1508 1599 1568; baseline 0.001 -19"><span class='ocrx_word' id='word_1_159' title='bbox 111 1508 340 1550; x_wconf 86' lang='lat' dir='ltr'>Puteolum</span> <span class='ocrx_word' id='word_1_160' title='bbox 366 1519 555 1552; x_wconf 85' lang='lat' dir='ltr'>castrum</span> <span class='ocrx_word' id='word_1_161' title='bbox 581 1512 813 1552; x_wconf 76' lang='lat' dir='ltr'>restituere</span> <span class='ocrx_word' id='word_1_162' title='bbox 832 1521 848 1539; x_wconf 71' lang='lat'>³</span> <span class='ocrx_word' id='word_1_163' title='bbox 875 1510 1112 1557; x_wconf 87' lang='lat' dir='ltr'>deliberat,</span> <span class='ocrx_word' id='word_1_164' title='bbox 1137 1510 1413 1566; x_wconf 79' lang='lat' dir='ltr'>adjacentem</span> <span class='ocrx_word' id='word_1_165' title='bbox 1437 1527 1599 1568; x_wconf 72' lang='lat' dir='ltr'>pagum</span> 
     </span>
     <span class='ocr_line' id='line_1_23' title="bbox 109 1577 1600 1636; baseline 0.002 -20"><span class='ocrx_word' id='word_1_166' title='bbox 109 1584 182 1617; x_wconf 86' lang='lat' dir='ltr'>aut</span> <span class='ocrx_word' id='word_1_167' title='bbox 205 1593 402 1618; x_wconf 85' lang='lat' dir='ltr'>eversum</span> <span class='ocrx_word' id='word_1_168' title='bbox 430 1578 481 1619; x_wconf 91' lang='lat' dir='ltr'>iri</span> <span class='ocrx_word' id='word_1_169' title='bbox 514 1588 586 1620; x_wconf 87' lang='lat' dir='ltr'>aut</span> <span class='ocrx_word' id='word_1_170' title='bbox 613 1578 695 1620; x_wconf 88' lang='lat' dir='ltr'>sibi</span> <span class='ocrx_word' id='word_1_171' title='bbox 726 1578 928 1620; x_wconf 83' lang='lat' dir='ltr'>subicere</span> <span class='ocrx_word' id='word_1_172' title='bbox 958 1587 1159 1619; x_wconf 86' lang='lat' dir='ltr'>maturat.</span> <span class='ocrx_word' id='word_1_173' title='bbox 1200 1578 1438 1620; x_wconf 86' lang='lat' dir='ltr'>Transiens</span> <span class='ocrx_word' id='word_1_174' title='bbox 1466 1577 1600 1636; x_wconf 75' lang='lat' dir='ltr'>igitur</span> 
     </span>
     <span class='ocr_line' id='line_1_24' title="bbox 109 1645 1596 1704; baseline 0 -17"><span class='ocrx_word' id='word_1_175' title='bbox 109 1645 298 1703; x_wconf 85' lang='lat' dir='ltr'>quodam</span> <span class='ocrx_word' id='word_1_176' title='bbox 327 1647 510 1688; x_wconf 83' lang='lat' dir='ltr'>sabbato</span> <span class='ocrx_word' id='word_1_177' title='bbox 537 1663 615 1704; x_wconf 87' lang='lat' dir='ltr'>per</span> <span class='ocrx_word' id='word_1_178' title='bbox 637 1663 834 1688; x_wconf 85' lang='lat' dir='ltr'>eversum</span> <span class='ocrx_word' id='word_1_179' title='bbox 859 1655 1066 1697; x_wconf 77' lang='lat' dir='ltr'>castrum,</span> <span class='ocrx_word' id='word_1_180' title='bbox 1096 1646 1168 1687; x_wconf 84' lang='lat' dir='ltr'>ubi</span> <span class='ocrx_word' id='word_1_181' title='bbox 1198 1654 1343 1687; x_wconf 85' lang='lat' dir='ltr'>tamen</span> <span class='ocrx_word' id='word_1_182' title='bbox 1370 1646 1596 1703; x_wconf 85' lang='lat' dir='ltr'>publicum</span> 
     </span>
    </p>
   </div>
   <div class='ocr_carea' id='block_1_3' title="bbox 107 1756 1599 2369">
    <p class='ocr_par' dir='ltr' id='par_1_4' title="bbox 107 1756 1599 1999">
     <span class='ocr_line' id='line_1_25' title="bbox 109 1756 1598 1798; baseline -0.001 -10"><span class='ocrx_word' id='word_1_183' title='bbox 109 1759 154 1788; x_wconf 81' lang='lat' dir='ltr'>lio</span> <span class='ocrx_word' id='word_1_184' title='bbox 178 1758 282 1791; x_wconf 70' lang='lat' dir='ltr'>venit,</span> <span class='ocrx_word' id='word_1_185' title='bbox 309 1759 452 1798; x_wconf 73' lang='lat' dir='ltr'>Hugone</span> <span class='ocrx_word' id='word_1_186' title='bbox 476 1761 556 1787; x_wconf 83' lang='lat' dir='ltr'>tune</span> <span class='ocrx_word' id='word_1_187' title='bbox 580 1757 620 1786; x_wconf 92' lang='lat' dir='ltr'>de</span> <span class='ocrx_word' id='word_1_188' title='bbox 645 1758 766 1787; x_wconf 74' lang='lat' dir='ltr'>Castro</span> <span class='ocrx_word' id='word_1_189' title='bbox 793 1757 949 1787; x_wconf 83' lang='lat' dir='ltr'>Landulsi</span> <span class='ocrx_word' id='word_1_190' title='bbox 976 1761 1139 1791; x_wconf 75' lang='lat' dir='ltr'>extracto,</span> <span class='ocrx_word' id='word_1_191' title='bbox 1170 1768 1246 1786; x_wconf 86' lang='lat' dir='ltr'>eum</span> <span class='ocrx_word' id='word_1_192' title='bbox 1274 1756 1401 1786; x_wconf 84' lang='lat' dir='ltr'>ibidem</span> <span class='ocrx_word' id='word_1_193' title='bbox 1429 1756 1598 1787; x_wconf 76' lang='lat' dir='ltr'>adductus</span> 
     </span>
     <span class='ocr_line' id='line_1_26' title="bbox 108 1798 1599 1841; baseline -0.001 -12"><span class='ocrx_word' id='word_1_194' title='bbox 108 1805 249 1841; x_wconf 84' lang='lat' dir='ltr'>propter</span> <span class='ocrx_word' id='word_1_195' title='bbox 264 1801 326 1830; x_wconf 81' lang='lat' dir='ltr'>hoe</span> <span class='ocrx_word' id='word_1_196' title='bbox 341 1800 472 1833; x_wconf 67' lang='lat' dir='ltr'>fuisset,</span> <span class='ocrx_word' id='word_1_197' title='bbox 490 1804 522 1829; x_wconf 88' lang='lat' dir='ltr'>et</span> <span class='ocrx_word' id='word_1_198' title='bbox 539 1798 634 1828; x_wconf 85' lang='lat' dir='ltr'>electi</span> <span class='ocrx_word' id='word_1_199' title='bbox 654 1799 798 1828; x_wconf 75' lang='lat' dir='ltr'>fuissent</span> <span class='ocrx_word' id='word_1_200' title='bbox 815 1798 870 1839; x_wconf 85' lang='lat' dir='ltr'>qui</span> <span class='ocrx_word' id='word_1_201' title='bbox 891 1799 1065 1838; x_wconf 74' lang='lat' dir='ltr'>negotium</span> <span class='ocrx_word' id='word_1_202' title='bbox 1085 1802 1283 1831; x_wconf 77' lang='lat' dir='ltr'>tractarent,</span> <span class='ocrx_word' id='word_1_203' title='bbox 1301 1798 1380 1838; x_wconf 84' lang='lat' dir='ltr'>quia</span> <span class='ocrx_word' id='word_1_204' title='bbox 1398 1798 1444 1828; x_wconf 91' lang='lat' dir='ltr'>ibi</span> <span class='ocrx_word' id='word_1_205' title='bbox 1463 1800 1599 1828; x_wconf 83' lang='lat' dir='ltr'>suerunt</span> 
     </span>
     <span class='ocr_line' id='line_1_27' title="bbox 108 1840 1599 1882; baseline -0.001 -11"><span class='ocrx_word' id='word_1_206' title='bbox 108 1842 165 1882; x_wconf 88' lang='lat' dir='ltr'>qui</span> <span class='ocrx_word' id='word_1_207' title='bbox 185 1841 255 1881; x_wconf 80' lang='lat' dir='ltr'>regi</span> <span class='ocrx_word' id='word_1_208' title='bbox 275 1841 434 1871; x_wconf 70' lang='lat' dir='ltr'>[avebant</span> <span class='ocrx_word' id='word_1_209' title='bbox 452 1845 483 1870; x_wconf 85' lang='lat' dir='ltr'>et</span> <span class='ocrx_word' id='word_1_210' title='bbox 502 1841 560 1870; x_wconf 79' lang='lat' dir='ltr'>alii</span> <span class='ocrx_word' id='word_1_211' title='bbox 578 1840 634 1881; x_wconf 83' lang='lat' dir='ltr'>qni</span> <span class='ocrx_word' id='word_1_212' title='bbox 655 1840 764 1869; x_wconf 85' lang='lat' dir='ltr'>eidem</span> <span class='ocrx_word' id='word_1_213' title='bbox 783 1840 962 1873; x_wconf 65' lang='lat' dir='ltr'>non-ebant,</span> <span class='ocrx_word' id='word_1_214' title='bbox 983 1840 1057 1869; x_wconf 89' lang='lat' dir='ltr'>ideo</span> <span class='ocrx_word' id='word_1_215' title='bbox 1076 1844 1155 1869; x_wconf 80' lang='lat' dir='ltr'>tune</span> <span class='ocrx_word' id='word_1_216' title='bbox 1170 1851 1234 1869; x_wconf 87' lang='lat' dir='ltr'>non</span> <span class='ocrx_word' id='word_1_217' title='bbox 1256 1844 1363 1869; x_wconf 84' lang='lat' dir='ltr'>totum</span> <span class='ocrx_word' id='word_1_218' title='bbox 1381 1840 1471 1880; x_wconf 81' lang='lat' dir='ltr'>quod</span> <span class='ocrx_word' id='word_1_219' title='bbox 1491 1840 1599 1870; x_wconf 75' lang='lat' dir='ltr'>voluit</span> 
     </span>
     <span class='ocr_line' id='line_1_28' title="bbox 108 1881 1596 1923; baseline -0.001 -11"><span class='ocrx_word' id='word_1_220' title='bbox 108 1894 176 1919; x_wconf 80' lang='lat' dir='ltr'>rex,</span> <span class='ocrx_word' id='word_1_221' title='bbox 206 1883 264 1912; x_wconf 81' lang='lat' dir='ltr'>sed</span> <span class='ocrx_word' id='word_1_222' title='bbox 293 1882 382 1923; x_wconf 88' lang='lat' dir='ltr'>quod</span> <span class='ocrx_word' id='word_1_223' title='bbox 403 1882 515 1922; x_wconf 85' lang='lat' dir='ltr'>potnit</span> <span class='ocrx_word' id='word_1_224' title='bbox 538 1881 720 1922; x_wconf 72' lang='lat' dir='ltr'>expedivit.</span> <span class='ocrx_word' id='word_1_225' title='bbox 748 1881 900 1911; x_wconf 88' lang='lat' dir='ltr'>Tandem</span> <span class='ocrx_word' id='word_1_226' title='bbox 931 1886 1044 1911; x_wconf 84' lang='lat' dir='ltr'>tamen</span> <span class='ocrx_word' id='word_1_227' title='bbox 1078 1882 1120 1911; x_wconf 87' lang='lat' dir='ltr'>ab</span> <span class='ocrx_word' id='word_1_228' title='bbox 1154 1881 1295 1921; x_wconf 73' lang='lat' dir='ltr'>Hugone</span> <span class='ocrx_word' id='word_1_229' title='bbox 1323 1882 1481 1920; x_wconf 77' lang='lat' dir='ltr'>abjurato</span> <span class='ocrx_word' id='word_1_230' title='bbox 1513 1882 1596 1911; x_wconf 85' lang='lat' dir='ltr'>Cor-</span> 
     </span>
     <span class='ocr_line' id='line_1_29' title="bbox 107 1922 1595 1963; baseline -0.001 -9"><span class='ocrx_word' id='word_1_231' title='bbox 107 1925 199 1954; x_wconf 88' lang='lat' dir='ltr'>bolio</span> <span class='ocrx_word' id='word_1_232' title='bbox 218 1925 251 1954; x_wconf 90' lang='lat' dir='ltr'>F.</span> <span class='ocrx_word' id='word_1_233' title='bbox 275 1943 313 1946; x_wconf 97' lang='lat'><strong>—</strong></span> <span class='ocrx_word' id='word_1_234' title='bbox 339 1926 428 1954; x_wconf 67' lang='lat' dir='ltr'>Colle</span> <span class='ocrx_word' id='word_1_235' title='bbox 446 1923 602 1954; x_wconf 77' lang='lat' dir='ltr'>addition</span> <span class='ocrx_word' id='word_1_236' title='bbox 627 1935 646 1953; x_wconf 81' lang='lat' dir='ltr'>a</span> <span class='ocrx_word' id='word_1_237' title='bbox 668 1926 718 1953; x_wconf 73' lang='grc' dir='ltr'>έίὸ</span> <span class='ocrx_word' id='word_1_238' title='bbox 742 1922 891 1953; x_wconf 67' lang='grc' dir='ltr'>ίναᾱιιίίθ</span> <span class='ocrx_word' id='word_1_239' title='bbox 912 1934 977 1963; x_wconf 76' lang='lat' dir='ltr'>par</span> <span class='ocrx_word' id='word_1_240' title='bbox 999 1923 1045 1952; x_wconf 73' lang='lat' dir='ltr'>les</span> <span class='ocrx_word' id='word_1_241' title='bbox 1069 1923 1282 1963; x_wconf 86' lang='lat' dir='ltr'>Chroniques</span> <span class='ocrx_word' id='word_1_242' title='bbox 1303 1923 1344 1952; x_wconf 88' lang='lat' dir='ltr'>de</span> <span class='ocrx_word' id='word_1_243' title='bbox 1368 1923 1595 1957; x_wconf 61' lang='lat' dir='ltr'>§nint-Donis,</span> 
     </span>
     <span class='ocr_line' id='line_1_30' title="bbox 109 1966 264 1999; baseline -0.006 -3"><span class='ocrx_word' id='word_1_244' title='bbox 109 1966 152 1996; x_wconf 90' lang='grc' dir='ltr'>ΙΙΙ</span> <span class='ocrx_word' id='word_1_245' title='bbox 166 1990 172 1999; x_wconf 86' lang='grc'>,</span> <span class='ocrx_word' id='word_1_246' title='bbox 195 1967 264 1995; x_wconf 74' lang='lat'>287.</span> 
     </span>
    </p>

    <p class='ocr_par' dir='ltr' id='par_1_5' title="bbox 148 2006 469 2048">
     <span class='ocr_line' id='line_1_31' title="bbox 148 2006 469 2048; baseline 0 -12"><span class='ocrx_word' id='word_1_247' title='bbox 148 2011 171 2037; x_wconf 71' lang='lat' dir='ltr'>l.</span> <span class='ocrx_word' id='word_1_248' title='bbox 197 2007 357 2048; x_wconf 86' lang='lat' dir='ltr'>quoniam</span> <span class='ocrx_word' id='word_1_249' title='bbox 375 2006 411 2041; x_wconf 89' lang='lat' dir='ltr'>B,</span> <span class='ocrx_word' id='word_1_250' title='bbox 432 2007 469 2036; x_wconf 86' lang='lat' dir='ltr'>E.</span> 
     </span>
    </p>

    <p class='ocr_par' dir='ltr' id='par_1_6' title="bbox 149 2047 935 2078">
     <span class='ocr_line' id='line_1_32' title="bbox 149 2047 935 2078; baseline -0.003 0"><span class='ocrx_word' id='word_1_251' title='bbox 149 2060 180 2078; x_wconf 81' lang='grc' dir='ltr'>ιι.</span> <span class='ocrx_word' id='word_1_252' title='bbox 206 2048 309 2078; x_wconf 82' lang='lat' dir='ltr'>etiam</span> <span class='ocrx_word' id='word_1_253' title='bbox 329 2048 394 2078; x_wconf 88' lang='lat' dir='ltr'>fide</span> <span class='ocrx_word' id='word_1_254' title='bbox 412 2048 492 2078; x_wconf 82' lang='lat' dir='ltr'>data</span> <span class='ocrx_word' id='word_1_255' title='bbox 510 2047 669 2077; x_wconf 79' lang='lat' dir='ltr'>omnibus</span> <span class='ocrx_word' id='word_1_256' title='bbox 686 2047 881 2077; x_wconf 72' lang='lat' dir='ltr'>astantibus</span> <span class='ocrx_word' id='word_1_257' title='bbox 901 2048 935 2076; x_wconf 81' lang='lat' dir='ltr'>F,</span> 
     </span>
    </p>

    <p class='ocr_par' dir='ltr' id='par_1_7' title="bbox 107 2088 1594 2172">
     <span class='ocr_line' id='line_1_33' title="bbox 148 2088 1594 2130; baseline 0.001 -12"><span class='ocrx_word' id='word_1_258' title='bbox 148 2102 175 2120; x_wconf 72' lang='grc' dir='ltr'>ι’.</span> <span class='ocrx_word' id='word_1_259' title='bbox 201 2095 233 2120; x_wconf 82' lang='lat' dir='ltr'>et</span> <span class='ocrx_word' id='word_1_260' title='bbox 251 2090 291 2119; x_wconf 88' lang='lat' dir='ltr'>ad</span> <span class='ocrx_word' id='word_1_261' title='bbox 310 2089 473 2129; x_wconf 74' lang='lat' dir='ltr'>majorem</span> <span class='ocrx_word' id='word_1_262' title='bbox 495 2090 714 2119; x_wconf 82' lang='lat' dir='ltr'>securitatem</span> <span class='ocrx_word' id='word_1_263' title='bbox 734 2088 857 2119; x_wconf 89' lang='lat' dir='ltr'>horum</span> <span class='ocrx_word' id='word_1_264' title='bbox 876 2088 1014 2118; x_wconf 78' lang='lat' dir='ltr'>obsides</span> <span class='ocrx_word' id='word_1_265' title='bbox 1033 2088 1188 2126; x_wconf 79' lang='lat' dir='ltr'>tradidit,</span> <span class='ocrx_word' id='word_1_266' title='bbox 1206 2090 1331 2119; x_wconf 83' lang='lat' dir='ltr'>iterum</span> <span class='ocrx_word' id='word_1_267' title='bbox 1347 2089 1448 2119; x_wconf 74' lang='lat' dir='ltr'>etiam</span> <span class='ocrx_word' id='word_1_268' title='bbox 1466 2089 1594 2130; x_wconf 72' lang='lat' dir='ltr'>juravit</span> 
     </span>
     <span class='ocr_line' id='line_1_34' title="bbox 107 2131 447 2172; baseline -0.003 -11"><span class='ocrx_word' id='word_1_269' title='bbox 107 2131 197 2172; x_wconf 86' lang='lat' dir='ltr'>quod</span> <span class='ocrx_word' id='word_1_270' title='bbox 214 2132 392 2161; x_wconf 86' lang='lat' dir='ltr'>Puteolum</span> <span class='ocrx_word' id='word_1_271' title='bbox 413 2132 447 2161; x_wconf 90' lang='lat' dir='ltr'>F.</span> 
     </span>
    </p>

    <p class='ocr_par' dir='ltr' id='par_1_8' title="bbox 109 2171 1594 2255">
     <span class='ocr_line' id='line_1_35' title="bbox 149 2171 1594 2213; baseline 0.001 -11"><span class='ocrx_word' id='word_1_272' title='bbox 149 2184 188 2203; x_wconf 81' lang='lat' dir='ltr'>w.</span> <span class='ocrx_word' id='word_1_273' title='bbox 206 2177 239 2202; x_wconf 86' lang='lat' dir='ltr'>et</span> <span class='ocrx_word' id='word_1_274' title='bbox 258 2173 306 2202; x_wconf 79' lang='lat' dir='ltr'>sic</span> <span class='ocrx_word' id='word_1_275' title='bbox 325 2183 392 2207; x_wconf 79' lang='lat' dir='ltr'>rex,</span> <span class='ocrx_word' id='word_1_276' title='bbox 410 2172 556 2213; x_wconf 82' lang='lat' dir='ltr'>perfidia</span> <span class='ocrx_word' id='word_1_277' title='bbox 570 2177 602 2202; x_wconf 83' lang='lat' dir='ltr'>et</span> <span class='ocrx_word' id='word_1_278' title='bbox 617 2183 681 2202; x_wconf 85' lang='lat' dir='ltr'>non</span> <span class='ocrx_word' id='word_1_279' title='bbox 698 2176 770 2202; x_wconf 83' lang='lat' dir='ltr'>arte</span> <span class='ocrx_word' id='word_1_280' title='bbox 785 2171 937 2208; x_wconf 76' lang='lat' dir='ltr'>delusus,</span> <span class='ocrx_word' id='word_1_281' title='bbox 958 2172 1059 2201; x_wconf 87' lang='lat' dir='ltr'>rediit</span> <span class='ocrx_word' id='word_1_282' title='bbox 1078 2171 1231 2202; x_wconf 74' lang='lat' dir='ltr'>Parisius</span> <span class='ocrx_word' id='word_1_283' title='bbox 1247 2172 1281 2201; x_wconf 88' lang='lat' dir='ltr'>F.</span> <span class='ocrx_word' id='word_1_284' title='bbox 1301 2174 1404 2202; x_wconf 59' lang='lat' dir='ltr'>Mfime</span> <span class='ocrx_word' id='word_1_285' title='bbox 1420 2183 1594 2213; x_wconf 61' lang='lat' dir='ltr'>remansae</span> 
     </span>
     <span class='ocr_line' id='line_1_36' title="bbox 109 2214 366 2255; baseline -0.004 -11"><span class='ocrx_word' id='word_1_286' title='bbox 109 2225 171 2255; x_wconf 77' lang='lat' dir='ltr'>que</span> <span class='ocrx_word' id='word_1_287' title='bbox 190 2214 366 2243; x_wconf 76' lang='lat' dir='ltr'>ei-dessus.</span> 
     </span>
    </p>

    <p class='ocr_par' dir='ltr' id='par_1_9' title="bbox 147 2256 500 2291">
     <span class='ocr_line' id='line_1_37' title="bbox 147 2256 500 2291; baseline 0.003 -6"><span class='ocrx_word' id='word_1_288' title='bbox 147 2267 181 2285; x_wconf 66' lang='grc' dir='ltr'>π’.</span> <span class='ocrx_word' id='word_1_289' title='bbox 207 2256 392 2285; x_wconf 83' lang='lat' dir='ltr'>flocciferet</span> <span class='ocrx_word' id='word_1_290' title='bbox 407 2256 444 2291; x_wconf 84' lang='lat' dir='ltr'>D,</span> <span class='ocrx_word' id='word_1_291' title='bbox 465 2256 500 2286; x_wconf 87' lang='lat' dir='ltr'>E.</span> 
     </span>
    </p>

    <p class='ocr_par' dir='ltr' id='par_1_10' title="bbox 147 2296 1336 2338">
     <span class='ocr_line' id='line_1_38' title="bbox 147 2296 1336 2338; baseline -0.001 -11"><span class='ocrx_word' id='word_1_292' title='bbox 147 2309 181 2338; x_wconf 78' lang='lat' dir='ltr'>y.</span> <span class='ocrx_word' id='word_1_293' title='bbox 205 2297 434 2327; x_wconf 84' lang='lat' dir='ltr'>confederatis</span> <span class='ocrx_word' id='word_1_294' title='bbox 452 2297 558 2338; x_wconf 84' lang='lat' dir='ltr'>igitur</span> <span class='ocrx_word' id='word_1_295' title='bbox 573 2297 668 2337; x_wconf 83' lang='lat' dir='ltr'>regni</span> <span class='ocrx_word' id='word_1_296' title='bbox 688 2296 894 2327; x_wconf 82' lang='lat' dir='ltr'>defederatis</span> <span class='ocrx_word' id='word_1_297' title='bbox 912 2301 944 2326; x_wconf 77' lang='lat' dir='ltr'>et</span> <span class='ocrx_word' id='word_1_298' title='bbox 959 2296 1168 2327; x_wconf 73' lang='lat' dir='ltr'>adversariis</span> <span class='ocrx_word' id='word_1_299' title='bbox 1188 2297 1283 2336; x_wconf 73' lang='lat' dir='ltr'>regui</span> <span class='ocrx_word' id='word_1_300' title='bbox 1304 2297 1336 2326; x_wconf 79' lang='lat' dir='ltr'>F.</span> 
     </span>
    </p>

    <p class='ocr_par' dir='ltr' id='par_1_11' title="bbox 149 2339 427 2369">
     <span class='ocr_line' id='line_1_39' title="bbox 149 2339 427 2369; baseline 0.004 -1"><span class='ocrx_word' id='word_1_301' title='bbox 149 2350 178 2368; x_wconf 77' lang='lat' dir='ltr'>z.</span> <span class='ocrx_word' id='word_1_302' title='bbox 204 2343 375 2369; x_wconf 81' lang='lat' dir='ltr'>restruere</span> <span class='ocrx_word' id='word_1_303' title='bbox 390 2339 427 2369; x_wconf 92' lang='lat' dir='ltr'>D.</span> 
     </span>
    </p>
   </div>
   <div class='ocr_carea' id='block_1_4' title="bbox 107 2457 1591 2694">
    <p class='ocr_par' dir='ltr' id='par_1_12' title="bbox 107 2457 1591 2624">
     <span class='ocr_line' id='line_1_40' title="bbox 151 2457 1591 2499; baseline 0.001 -11"><span class='ocrx_word' id='word_1_304' title='bbox 151 2458 179 2488; x_wconf 79' lang='lat' dir='ltr'>‘l.</span> <span class='ocrx_word' id='word_1_305' title='bbox 205 2457 248 2488; x_wconf 87' lang='lat' dir='ltr'>Ce</span> <span class='ocrx_word' id='word_1_306' title='bbox 276 2458 403 2499; x_wconf 83' lang='lat' dir='ltr'>pluriel</span> <span class='ocrx_word' id='word_1_307' title='bbox 425 2458 564 2499; x_wconf 81' lang='lat' dir='ltr'>indique</span> <span class='ocrx_word' id='word_1_308' title='bbox 593 2459 780 2489; x_wconf 83' lang='lat' dir='ltr'>seulement</span> <span class='ocrx_word' id='word_1_309' title='bbox 807 2470 871 2499; x_wconf 81' lang='lat' dir='ltr'>qne</span> <span class='ocrx_word' id='word_1_310' title='bbox 899 2461 1010 2499; x_wconf 64' lang='lat' dir='ltr'>Snger</span> <span class='ocrx_word' id='word_1_311' title='bbox 1036 2459 1161 2489; x_wconf 66' lang='lat' dir='ltr'>assistat</span> <span class='ocrx_word' id='word_1_312' title='bbox 1183 2463 1201 2488; x_wconf 75' lang='lat' dir='ltr'>a</span> <span class='ocrx_word' id='word_1_313' title='bbox 1226 2460 1428 2492; x_wconf 71' lang='lat' dir='ltr'>l&#39;entrevue:</span> <span class='ocrx_word' id='word_1_314' title='bbox 1454 2460 1539 2490; x_wconf 78' lang='lat' dir='ltr'>dans</span> <span class='ocrx_word' id='word_1_315' title='bbox 1562 2462 1591 2490; x_wconf 79' lang='lat' dir='ltr'>le</span> 
     </span>
     <span class='ocr_line' id='line_1_41' title="bbox 108 2499 1590 2540; baseline 0.003 -12"><span class='ocrx_word' id='word_1_316' title='bbox 108 2503 196 2528; x_wconf 82' lang='lat' dir='ltr'>texte</span> <span class='ocrx_word' id='word_1_317' title='bbox 219 2499 259 2529; x_wconf 87' lang='lat' dir='ltr'>de</span> <span class='ocrx_word' id='word_1_318' title='bbox 284 2500 318 2535; x_wconf 81' lang='lat' dir='ltr'>F,</span> <span class='ocrx_word' id='word_1_319' title='bbox 349 2500 379 2529; x_wconf 89' lang='lat' dir='ltr'>le</span> <span class='ocrx_word' id='word_1_320' title='bbox 405 2500 453 2529; x_wconf 86' lang='lat' dir='ltr'>roi</span> <span class='ocrx_word' id='word_1_321' title='bbox 485 2500 558 2529; x_wconf 76' lang='lat' dir='ltr'>seul</span> <span class='ocrx_word' id='word_1_322' title='bbox 586 2503 709 2540; x_wconf 84' lang='lat' dir='ltr'>parait.</span> <span class='ocrx_word' id='word_1_323' title='bbox 740 2518 778 2523; x_wconf 90' lang='lat'>—-</span> <span class='ocrx_word' id='word_1_324' title='bbox 804 2501 1148 2540; x_wconf 65' lang='lat' dir='ltr'>Moissy·Cramayel‚</span> <span class='ocrx_word' id='word_1_325' title='bbox 1178 2501 1474 2534; x_wconf 72' lang='lat' dir='ltr'>Scine-et-Marue.</span> <span class='ocrx_word' id='word_1_326' title='bbox 1501 2507 1590 2532; x_wconf 74' lang='lat' dir='ltr'>eant.</span> 
     </span>
     <span class='ocr_line' id='line_1_42' title="bbox 107 2540 1590 2573; baseline 0.002 -3"><span class='ocrx_word' id='word_1_327' title='bbox 107 2540 471 2571; x_wconf 75' lang='lat' dir='ltr'>Bric-Comte-Robert.</span> <span class='ocrx_word' id='word_1_328' title='bbox 507 2542 532 2571; x_wconf 90' lang='lat' dir='ltr'>ll</span> <span class='ocrx_word' id='word_1_329' title='bbox 559 2547 611 2571; x_wconf 63' lang='lat' dir='ltr'>est</span> <span class='ocrx_word' id='word_1_330' title='bbox 637 2541 697 2571; x_wconf 77' lang='lat' dir='ltr'>fait</span> <span class='ocrx_word' id='word_1_331' title='bbox 722 2542 869 2571; x_wconf 72' lang='lat' dir='ltr'>allusion</span> <span class='ocrx_word' id='word_1_332' title='bbox 899 2546 918 2571; x_wconf 68' lang='lat' dir='ltr'>ii</span> <span class='ocrx_word' id='word_1_333' title='bbox 945 2553 980 2571; x_wconf 88' lang='lat' dir='ltr'>ee</span> <span class='ocrx_word' id='word_1_334' title='bbox 1011 2543 1111 2572; x_wconf 67' lang='lat' dir='ltr'>truite</span> <span class='ocrx_word' id='word_1_335' title='bbox 1133 2542 1218 2572; x_wconf 78' lang='lat' dir='ltr'>daus</span> <span class='ocrx_word' id='word_1_336' title='bbox 1238 2554 1281 2572; x_wconf 88' lang='lat' dir='ltr'>un</span> <span class='ocrx_word' id='word_1_337' title='bbox 1308 2548 1381 2572; x_wconf 64' lang='lat' dir='ltr'>aete</span> <span class='ocrx_word' id='word_1_338' title='bbox 1409 2543 1452 2572; x_wconf 89' lang='lat' dir='ltr'>du</span> <span class='ocrx_word' id='word_1_339' title='bbox 1474 2548 1590 2573; x_wconf 78' lang='lat' dir='ltr'>cartu—</span> 
     </span>
     <span class='ocr_line' id='line_1_43' title="bbox 112 2581 1588 2624; baseline 0.003 -13"><span class='ocrx_word' id='word_1_340' title='bbox 112 2582 195 2611; x_wconf 83' lang='lat' dir='ltr'>laire</span> <span class='ocrx_word' id='word_1_341' title='bbox 210 2581 250 2610; x_wconf 82' lang='lat' dir='ltr'>de</span> <span class='ocrx_word' id='word_1_342' title='bbox 270 2582 472 2612; x_wconf 71' lang='lat' dir='ltr'>Saint-P‘ere</span> <span class='ocrx_word' id='word_1_343' title='bbox 491 2583 546 2623; x_wconf 76' lang='lat' dir='ltr'>(ll,</span> <span class='ocrx_word' id='word_1_344' title='bbox 565 2584 649 2621; x_wconf 70' lang='lat'>4:32),</span> <span class='ocrx_word' id='word_1_345' title='bbox 667 2583 745 2612; x_wconf 65' lang='lat' dir='ltr'>date</span> <span class='ocrx_word' id='word_1_346' title='bbox 768 2586 786 2612; x_wconf 71' lang='lat' dir='ltr'>a</span> <span class='ocrx_word' id='word_1_347' title='bbox 802 2588 869 2613; x_wconf 81' lang='lat' dir='ltr'>tort</span> <span class='ocrx_word' id='word_1_348' title='bbox 887 2595 950 2624; x_wconf 83' lang='lat' dir='ltr'>par</span> <span class='ocrx_word' id='word_1_349' title='bbox 971 2584 1128 2613; x_wconf 77' lang='lat' dir='ltr'>l&#39;editeur</span> <span class='ocrx_word' id='word_1_350' title='bbox 1145 2584 1204 2612; x_wconf 74' lang='lat' dir='ltr'>des</span> <span class='ocrx_word' id='word_1_351' title='bbox 1223 2586 1347 2613; x_wconf 71' lang='lat' dir='ltr'>annees</span> <span class='ocrx_word' id='word_1_352' title='bbox 1368 2585 1443 2614; x_wconf 54' lang='lat'>&#39;1101</span> <span class='ocrx_word' id='word_1_353' title='bbox 1460 2588 1479 2614; x_wconf 71' lang='grc' dir='ltr'>ἰι</span> <span class='ocrx_word' id='word_1_354' title='bbox 1504 2586 1588 2615; x_wconf 75' lang='grc'>1106.</span> 
     </span>
    </p>

    <p class='ocr_par' dir='ltr' id='par_1_13' title="bbox 110 2623 1590 2694">
     <span class='ocr_line' id='line_1_44' title="bbox 148 2623 1590 2692; baseline 0.002 -40"><span class='ocrx_word' id='word_1_355' title='bbox 148 2623 466 2692; x_wconf 78' lang='lat' dir='ltr'>2.dProhablement</span> <span class='ocrx_word' id='word_1_356' title='bbox 491 2635 580 2664; x_wconf 82' lang='lat' dir='ltr'>pour</span> <span class='ocrx_word' id='word_1_357' title='bbox 604 2625 690 2654; x_wconf 84' lang='lat' dir='ltr'>aller</span> <span class='ocrx_word' id='word_1_358' title='bbox 714 2636 748 2653; x_wconf 75' lang='lat' dir='ltr'>se</span> <span class='ocrx_word' id='word_1_359' title='bbox 771 2630 947 2655; x_wconf 71' lang='lat' dir='ltr'>concertet·</span> <span class='ocrx_word' id='word_1_360' title='bbox 965 2636 1046 2655; x_wconf 72' lang='lat' dir='ltr'>avec</span> <span class='ocrx_word' id='word_1_361' title='bbox 1065 2625 1094 2654; x_wconf 84' lang='lat' dir='ltr'>le</span> <span class='ocrx_word' id='word_1_362' title='bbox 1113 2636 1268 2655; x_wconf 73' lang='lat' dir='ltr'>nonveau</span> <span class='ocrx_word' id='word_1_363' title='bbox 1292 2630 1411 2657; x_wconf 79' lang='lat' dir='ltr'>comte.</span> <span class='ocrx_word' id='word_1_364' title='bbox 1439 2626 1468 2655; x_wconf 90' lang='lat' dir='ltr'>le</span> <span class='ocrx_word' id='word_1_365' title='bbox 1491 2627 1590 2666; x_wconf 81' lang='lat' dir='ltr'>jeune</span> 
     </span>
     <span class='ocr_line' id='line_1_45' title="bbox 110 2664 276 2694; baseline 0 0"><span class='ocrx_word' id='word_1_366' title='bbox 110 2664 181 2694; x_wconf 80' lang='lat' dir='ltr'>Bau</span> <span class='ocrx_word' id='word_1_367' title='bbox 209 2664 276 2694; x_wconf 82' lang='lat' dir='ltr'>oin.</span> 
     </span>
    </p>
   </div>
  </div>
 </body>
</html>
