1846 3184
256 137 308 165 ll·.¹
920 132 1060 162 SUGER

253 221 320 253 ter
347 210 537 260 mactati,
563 209 604 250 in
632 209 817 250 ecclesia
844 216 1018 249 orantes
1048 216 1149 248 suut
1174 206 1358 263 reperti,
1389 224 1484 248 cum
1515 209 1723 265 scriptum

255 280 309 320 sit
340 297 346 319 :
381 279 460 321 Ubi
484 287 522 317 te
547 280 760 326 invenero,
786 277 844 316 ibi
866 285 904 316 te
923 275 1135 332 judic-abo
1159 275 1186 314 ¹.
1221 274 1434 315 Comitem
1459 291 1560 315 vero
1582 282 1726 316 truces

256 346 294 386 in
327 343 510 386 ecclesia
535 343 628 400 ipsa
651 343 934 392 tumulantes,
962 359 1014 383 ne
1038 341 1280 383 honorifice
1301 349 1421 382 extra
1442 341 1726 399 deplangere-

255 422 322 454 tur
348 420 390 452 ct
415 410 675 468 sepeliretur
708 418 751 451 et
784 426 863 467 pro
894 409 1085 467 gloriosa
1112 408 1199 450 vita
1232 417 1274 450 et
1304 408 1564 466 gloriosiore
1590 417 1728 449 morte

254 481 435 521 devotus
477 477 666 536 populus
706 477 750 518 in
797 479 890 533 ejus
928 476 1139 517 ultionem
1180 476 1454 527 incitaretur,
1501 476 1729 517 ecclesiam

255 547 392 604 ipsam
430 545 683 602 speluncam
718 545 935 585 latronum
980 551 1238 593 statuentes,
1287 551 1372 584 tam
1419 543 1556 600 ipsam
1602 558 1729 599 quam

255 613 426 656 comitis
448 613 623 654 domum
648 612 834 654 ecclesie
856 611 1132 652 inherentem
1165 610 1444 652 muniverunt
1475 618 1517 650 et
1548 608 1729 666 quibus-

256 697 442 738 cumque
474 679 667 737 paratis⁶
701 680 952 721 victualium
991 677 1231 727 alimentis,
1272 685 1313 717 et
1359 678 1528 734 seipsos
1571 676 1728 717 exinde

256 756 488 805 protegere
522 755 563 788 et
590 755 749 787 terram
786 746 868 787 sibi
898 745 1073 786 allicere
1113 760 1277 786 summa
1314 743 1518 801 superbia
1563 742 1732 784 delibe-

258 823 354 856 rant
369 814 405 854 sl.
434 815 560 855 Tanti
592 813 725 871 igitur
753 822 796 855 et
828 822 915 854 tam
954 811 1154 854 scelerati
1189 812 1371 852 horrore
1408 811 1507 852 facti
1540 808 1731 856 attoniti,

259 883 332 940 qui
366 881 434 923 his
467 898 552 923 non
589 889 931 922 consenserante
965 879 1170 922 Flandrie
1204 880 1412 928 barones,
1443 876 1734 919 lacrimabiles

259 949 464 1007 exequias
486 949 804 1006 persolventes,
836 957 980 989 notam
1013 946 1284 1005 prodicionis
1314 945 1492 997 evitant,
1526 945 1627 987 dum
1653 945 1735 986 hoc

258 1017 437 1058 domino
461 1017 551 1075 regi
582 1016 801 1058 Ludovico
831 1032 911 1057 nec
937 1015 975 1056 ei
1005 1023 1188 1065 tantum,
1220 1013 1296 1055 sed
1325 1014 1434 1054 fama
1460 1013 1633 1054 volante
1658 1028 1737 1069 per

258 1084 508 1126 universum
537 1085 687 1125 orbem
710 1083 974 1124 denuntiant
992 1084 1023 1123 2.
1050 1084 1141 1124 Rex
1166 1089 1308 1123 autem
1331 1089 1373 1121 et
1395 1097 1539 1122 amore
1558 1078 1734 1136 justicie

260 1160 301 1194 et
337 1150 733 1209 consanguinitatis
775 1150 933 1192 affectu
972 1150 1015 1191 in
1056 1149 1267 1191 ultionem
1302 1157 1421 1189 tante
1464 1146 1735 1205 prodicionis

262 1220 493 1270 excitatus,
538 1235 618 1260 nec
660 1220 776 1276 regis
814 1218 974 1276 anglici
1010 1233 1089 1259 nec
1121 1216 1293 1258 comitis
1333 1214 1543 1257 Teobalcli
1582 1230 1738 1272 guerra

261 1288 525 1338 detentus3,
576 1286 827 1328 Flandriam
873 1286 1095 1327 animosus
1147 1284 1304 1333 intrat,
1352 1292 1398 1324 ut
1442 1281 1738 1340 nequissimos

263 1354 537 1397 atrocissime
563 1354 718 1411 perdat
740 1361 832 1394 toto
858 1352 991 1394 animi
1016 1361 1058 1394 et
1077 1351 1223 1409 operis
1243 1350 1340 1391 nisu
1363 1358 1573 1391 exestuat.
1599 1348 1739 1391 Comi-

260 1432 348 1464 tem
373 1421 578 1465 Flandrie
612 1421 877 1463 Guilelmum
904 1422 1220 1469 Normannum,
1246 1417 1380 1459 filium
1408 1416 1589 1459 Roberti
1622 1418 1740 1458 Iero-

263 1488 500 1532 solimitani
533 1487 801 1530 Normannie
837 1487 1024 1537 comitis,
1060 1486 1113 1527 ad
1146 1501 1243 1527 eum
1278 1484 1394 1526 enim
1422 1486 1519 1540 jure
1551 1499 1738 1525 consan-

261 1556 488 1617 guinitatis
514 1556 756 1613 spectabat,
783 1555 1012 1596 constituit
1033 1554 1062 1594 4.
1088 1555 1146 1596 Ut
1170 1560 1313 1594 autem
1336 1553 1503 1609 Brugas
1525 1552 1541 1579 5
1560 1551 1739 1593 descen-

262 1625 342 1676 dit,
384 1640 471 1666 non
516 1623 677 1664 veritus
721 1630 836 1663 terre
882 1622 1129 1663 barbariem
1181 1636 1260 1661 nec
1312 1618 1452 1659 fedam
1498 1617 1741 1676 proditorie

265 1690 661 1750 consanguinitatis
704 1688 881 1739 lineam,
921 1688 1041 1746 ipsos
1091 1686 1339 1745 proditores
1384 1685 1428 1726 in
1471 1684 1657 1727 ecclesia
1701 1693 1744 1726 et

266 1768 386 1801 turre
412 1759 617 1800 obsessos
645 1764 827 1807 coartat,
852 1755 1055 1798 victualia
1078 1762 1225 1812 preter
1247 1769 1338 1804 sua,
1363 1769 1446 1809 que
1469 1751 1616 1794 divino
1639 1760 1746 1793 nutu

267 1842 416 1868 eorum
451 1825 580 1867 etiam
613 1824 707 1866 usui
742 1825 991 1881 importuna
1028 1823 1334 1879 repugnabant
1355 1820 1398 1871 5,
1435 1818 1655 1876 prohibet.
1690 1821 1747 1862 Ut

308 1949 335 1967 c.
362 1936 510 1978 peractis
529 1937 563 1966 F.

309 1979 342 2009 d.
368 1978 608 2008 deliberabant
626 1977 662 2008 G.

309 2031 336 2050 e.
363 2023 545 2050 conserant
563 2020 598 2048 A.

312 2131 340 2160 1.
365 2130 437 2160 Non
457 2131 613 2159 retrouve
631 2129 716 2158 dans
735 2129 767 2158 la
783 2128 891 2158 Bible.

311 2173 338 2201 2.
365 2172 428 2201 Des
447 2171 477 2200 le
493 2172 512 2200 9
533 2181 635 2205 mars,
656 2170 704 2199 les
725 2169 911 2209 coupables
931 2170 1043 2199 furent
1060 2168 1192 2209 obliges
1210 2169 1250 2198 de
1268 2178 1302 2198 se
1318 2169 1506 2198 renfermer
1522 2167 1607 2198 dans
1625 2167 1656 2198 le
1677 2167 1753 2197 cha-

271 2217 349 2242 teau
367 2223 431 2252 par
449 2212 497 2242 les
521 2211 640 2241 nobles
656 2211 700 2240 du
716 2221 800 2251 pays
823 2211 978 2240 souleve's
994 2214 1109 2240 contre
1127 2220 1202 2240 eux.

315 2255 344 2283 3.
370 2254 496 2283 Errcur
507 2253 546 2282 de
560 2253 688 2293 Suger;
708 2252 784 2281 nile
802 2252 851 2281 roi
870 2251 1102 2291 d'Angleterre
1117 2251 1148 2280 ni
1167 2255 1301 2281 surtout
1315 2250 1344 2280 le
1357 2254 1465 2280 comte
1480 2250 1519 2279 de
1533 2250 1754 2290 Champagne

272 2306 312 2324 ne
333 2294 491 2324 faisaient
507 2305 546 2324 en
566 2305 601 2323 ce
620 2297 770 2323 moment
789 2293 821 2323 13
840 2303 961 2333 guerre
980 2296 1000 2322 a
1016 2292 1116 2322 Louis
1138 2292 1191 2323 VI.

312 2337 342 2365 4.
369 2336 562 2367 Guillaume
577 2335 688 2364 Cliton
706 2334 848 2374 pouvait
861 2344 901 2363 en
919 2333 997 2363 effet
1011 2344 1132 2374 passer
1150 2344 1236 2373 pour
1252 2333 1393 2363 he'ritier
1411 2332 1562 2373 legitime
1580 2332 1625 2361 du
1643 2333 1752 2362 comte

273 2377 314 2406 de
333 2377 490 2409 Flandre.
507 2386 637 2406 comme
656 2375 817 2415 petit-fils
834 2375 874 2404 de
889 2375 1065 2409 Mathilde,
1084 2376 1204 2404 femme
1222 2374 1261 2404 de
1280 2374 1473 2405 Guillaume
1488 2374 1518 2403 le
1538 2374 1755 2413 Corique-rant

274 2422 307 2448 et
325 2418 395 2448 fille
413 2418 452 2447 de
474 2417 627 2447 Baudoin
653 2417 690 2446 V.
710 2417 759 2446 En
777 2416 1006 2446 l'e'tablissant
1031 2426 1071 2445 en
1095 2416 1252 2451 Flandre,
1275 2415 1376 2445 Louis
1395 2415 1436 2444 'vl
1456 2415 1571 2444 faisait
1593 2415 1692 2444 echec
1714 2424 1756 2443 au

276 2459 325 2489 roi
341 2458 790 2499 d'Angleter1·e,ennemi-ne
808 2457 848 2487 de
863 2457 1008 2496 cejeune
1026 2457 1152 2497 prinee,
1171 2468 1231 2486 son
1246 2467 1352 2486 neven
1364 2467 1369 2491 ;
1383 2456 1458 2486 voir
1471 2459 1490 2485 a
1502 2466 1537 2484 ce
1551 2455 1638 2495 sujet
1655 2454 1757 2485 Henri

277 2501 317 2530 de
336 2499 570 2540 Huntingdon‚
589 2510 621 2539 p.
644 2500 712 2535 247,
732 2503 764 2528 et
778 2499 905 2528 Robert
920 2498 959 2527 de
975 2498 1128 2539 Torigni,
1147 2498 1198 2528 ed.
1223 2497 1359 2531 Delisle,
1379 2497 1404 2532 I,
1428 2497 1573 2526 173-174.

317 2544 346 2571 5.
373 2541 474 2571 Louis
496 2541 548 2575 VI,
568 2544 587 2569 a
611 2541 644 2570 la
662 2540 829 2580 premiere
848 2540 1003 2569 nouvelle
1021 2539 1061 2569 de
1080 2539 1306 2573 l'assassinat,
1333 2538 1444 2568 s'etait
1466 2538 1574 2567 rendu
1597 2541 1617 2567 a
1641 2539 1754 2569 Ari-as.

277 2585 319 2612 οὺ
335 2583 359 2612 il
379 2582 537 2622 sejourna
555 2582 599 2611 du
616 2584 635 2611 9
650 2592 741 2611 mars
758 2584 776 2610 a
794 2581 827 2610 la
845 2581 890 2610 fin
909 2581 954 2610 du
978 2583 1085 2610 meme
1105 2580 1208 2618 mois3
1228 2581 1253 2610 il
1268 2580 1382 2610 arriva
1399 2582 1418 2608 a
1436 2579 1567 2619 Bruges
1585 2579 1616 2608 le
1635 2580 1652 2607 3
1671 2577 1759 2608 avril

279 2628 311 2653 et
329 2628 450 2654 trouva
467 2623 497 2653 le
516 2623 607 2663 si'ege
627 2622 666 2652 de
685 2623 716 2652 la
734 2623 915 2652 forteresse
937 2623 1003 2651 sort
1019 2624 1157 2652 avant-e.

321 2666 350 2695 6.
378 2665 421 2694 Le
453 2666 560 2694 meme
587 2664 647 2693 fait
671 2668 721 2693 est
748 2665 911 2703 rapporte'
938 2673 1001 2703 par
1027 2662 1167 2693 Gautier
1193 2662 1233 2691 de
1258 2662 1482 2692 The‘muanne
1518 2660 1588 2699 (ed.
1617 2660 1759 2700 Koepke,

281 2717 313 2746 p.
334 2707 404 2746 558)
421 2716 426 2741 ;
447 2706 496 2735 les
514 2704 666 2745 assieges
683 2705 817 2734 avaient
835 2706 1002 2745 peut-etro
1020 2704 1049 2733 le
1068 2704 1216 2733 scorbut.
