1846 3184
601 201 669 230 le
694 200 748 230 DE
773 199 902 231 LOUIS
928 201 979 231 LE
1005 201 1117 232 GROS
1566 202 1601 232 :21

114 294 133 316 «
170 277 318 318 vadari
354 278 590 335 possimus,
634 285 681 318 ut
715 277 858 319 tucior
891 277 965 319 eila
1002 279 1125 320 loeus
1161 281 1372 334 majorem
1411 278 1569 319 oss'erat
1593 279 1607 306 1‘

115 364 122 383 (

125 364 133 383 a«

172 345 468 397 securitatem,
493 346 575 396 vel,
610 346 644 387 si
675 345 812 403 magis
839 346 998 403 placet,
1038 346 1278 388 nobiliores
1306 347 1448 388 tocius
1478 363 1601 387 exer-

115 430 134 451 «
172 412 283 454 citus
311 414 471 455 habeat
495 413 779 472 singulariter
808 413 1094 455 concertandi
1127 415 1321 465 obsides,
1363 414 1602 456 dummodo

115 498 134 519 ‹<
170 481 222 521 ad
252 497 346 530 nos,
373 489 539 522 remoto
566 482 740 540 agmine
766 490 936 531 nostro,
965 481 1153 523 transire
1183 482 1414 523 concedat.
1448 483 1601 539 Neque

113 566 132 585 «
170 546 285 588 enim
319 548 444 589 aliter
475 549 746 591 transvadari
782 549 960 607 poterit.
1000 567 1020 589 ³)
1061 549 1250 603 Quidam
1282 567 1400 599 vcro,
1439 548 1602 590 ridicu-

111 615 202 656 losa
245 616 485 672 jactancia,
530 634 662 675 super
695 618 911 676 prefatum
952 617 1188 659 tremulum
1228 626 1433 675 pontem,
1470 634 1567 658 eum
1591 616 1607 656 l'

111 683 256 725 statim
295 693 543 733 corrueret,
582 701 707 743 reges
749 685 961 727 dimicare
1001 685 1320 737 acclamabant,
1368 686 1486 743 quod
1530 702 1604 726 rex

113 752 357 794 Luclovicus
386 761 470 794 tam
506 753 682 794 levitate
717 770 846 811 quam
873 753 1055 795 audacia
1088 754 1341 811 appetebat.
1387 753 1477 795 Rex
1500 769 1602 794 vero

111 821 353 879 Anglorum
392 820 535 878 inquit
566 838 572 861 :
607 839 627 860 c(
658 823 755 863 Non
793 830 860 862 est
894 821 1028 863 michi
1060 820 1204 862 tibiak
1239 820 1349 862 tanti
1375 822 1403 872 ¹,
1441 830 1488 862 ut
1523 837 1602 878 pro

113 907 133 928 «
168 890 236 930 his
277 898 319 930 et
360 890 611 945 hujusmodi
652 890 863 931 famosum
914 899 956 931 et
994 889 1186 948 perutile
1228 889 1362 931 michi
1410 898 1602 931 castrum

109 976 129 996 «
167 973 488 1014 supervacanee
506 958 716 998 amittam.
740 975 759 996 ))
786 959 838 999 Et
859 959 941 999 hec
959 965 1002 999 et
1023 957 1106 998 alia
1130 956 1346 998 invectiva
1369 958 1565 998 refutans
1592 974 1598 997 :

109 1044 129 1064 ‹<
167 1026 274 1066 Cum
303 1024 470 1076 videro,
503 1025 662 1083 inquit,
698 1025 926 1067 dominum
962 1042 1111 1085 regem
1147 1025 1221 1066 ubi
1258 1042 1325 1066 1110
1363 1025 1602 1066 defendere

110 1111 130 1132 «
165 1094 366 1143 debeam,
389 1110 476 1134 non
494 1094 659 1144 vitabo,
686 1112 706 1133 ))
727 1111 824 1135 eum
849 1095 967 1152 quod
987 1094 1203 1135 offerebat
1225 1094 1310 1135 loci
1334 1093 1602 1151 impotencia

108 1162 357 1220 abnegaret.
398 1164 494 1215 Quo
530 1161 772 1203 ridiculoso
806 1178 1021 1219 responso
1050 1161 1156 1203 moti
1190 1162 1365 1213 Franci,
1393 1170 1601 1219 tanquam

110 1229 281 1271 fortuna
309 1229 506 1270 locorum
542 1229 657 1270 bella
690 1229 821 1287 gerit,
863 1237 1046 1271 currunt
1074 1230 1127 1271 ad
1157 1246 1291 1280 arma,
1323 1229 1532 1271 similiter
1560 1238 1602 1270 et

109 1296 366 1340 Normanni.
404 1299 457 1338 Et
488 1298 591 1338 dum
625 1297 800 1354 utrique
833 1298 886 1339 ad
914 1296 1078 1339 flumen
1113 1298 1379 1349 accelerant,
1415 1296 1600 1338 maxime

111 1365 269 1423 stragis
307 1373 350 1406 et
386 1364 646 1406 calamitatis
684 1365 1001 1406 detrimentum
1042 1365 1135 1406 sola
1177 1382 1380 1407 accessus
1417 1364 1604 1406 removit

110 1432 460 1490 impossibilitas.
494 1433 605 1488 Quia
637 1450 739 1475 vero
767 1449 969 1475 sermone
995 1433 1111 1475 diem
1139 1433 1439 1485 detinuerant,
1471 1441 1600 1475 nocte

112 1500 301 1542 instante
331 1501 392 1542 illi
419 1501 678 1554 Gisortium,
706 1501 844 1543 nostri
866 1502 1043 1543 Calvum
1068 1503 1265 1544 Mentem
1290 1503 1305 1530 2
1330 1509 1596 1543 remearunt.

392 1651 450 1680 Asc
471 1648 651 1689 zcbiprima
662 1648 741 1689 polo
755 1648 871 1679 stellas
887 1659 1013 1679 aurora
1026 1649 1158 1691 jugavit
1168 1649 1195 1687 3,

109 1779 265 1822 Franci
312 1788 485 1820 esterne
531 1795 746 1820 memores
790 1779 977 1836 injurie,
1021 1778 1175 1820 militie
1213 1778 1397 1836 insuper
1435 1779 1600 1820 fervore

111 1846 330 1899 matutini,
354 1846 647 1889 velocissimis
673 1846 798 1905 equis
819 1848 932 1888 viam
954 1846 1259 1905 preripiendo,
1286 1863 1425 1904 prope
1455 1847 1601 1890 Gisor-

110 1915 217 1957 tium
246 1915 458 1974 congredi
484 1916 720 1968 irruentes,
746 1915 856 1957 miro
882 1916 1010 1967 fastu,
1046 1916 1154 1957 mira
1179 1925 1442 1958 concertant
1467 1917 1601 1958 auda-

111 1984 191 2035 cia,
220 1993 263 2025 et
283 1993 494 2042 qnantum
523 1993 722 2041 prestent
747 1984 882 2026 multo
913 1993 1049 2026 marte
1076 1984 1305 2026 exercitati
1332 1985 1464 2043 longa
1493 2001 1600 2043 paee

111 2052 316 2103 solutisl,
351 2070 448 2094 011111
482 2055 759 2095 Normannos
791 2069 870 2110 per
903 2061 1074 2111 portam
1107 2052 1312 2112 fatigatos
1347 2053 1598 2103 intrudunt,

110 2120 296 2162 edocere
346 2121 564 2162 laborant.
615 2121 691 2162 His
739 2129 782 2161 et
824 2120 1076 2178 hujusmodi
1124 2120 1381 2177 primordiis
1424 2120 1602 2162 iniciata

152 2310 183 2342 lt.
209 2313 257 2342 eis
273 2310 310 2343 B.

152 2352 173 2384 ἱ.
199 2354 322 2384 afferat
338 2354 366 2384 ei
382 2355 425 2393 (J,·
443 2353 564 2385 offerat
581 2354 609 2384 ei
628 2355 666 2384 D.

145 2396 174 2436 j.
200 2396 282 2425 dum
298 2397 332 2426 F,

151 2438 180 2466 lx.
206 2438 291 2467 tibia
309 2438 400 2467 deest
415 2439 450 2468 (J.

150 2478 171 2508 l.
199 2479 320 2509 salutis
338 2480 373 2509 E.

159 2640 182 2669 l.
209 2640 271 2669 Ces
297 2645 384 2670 mots
407 2643 519 2671 Non...
544 2639 633 2670 ἰαιιίί
653 2642 799 2671 forment
820 2652 883 2671 une
908 2642 953 2671 sin
974 2641 1014 2671 de
1034 2653 1133 2678 γει-»η
1157 2654 1242 2672 nous·
1269 2643 1411 2674 n'avons
1441 2647 1599 2675 retronve

113 2681 205 2711 nulle
221 2686 298 2721 part
315 2686 400 2711 cette
413 2682 574 2719 citation;
595 2683 675 2712 c'est
690 2685 863 2722 peut-etro
879 2694 922 2712 un
942 2684 1121 2723 proverbe.

155 2724 183 2752 2.
208 2723 602 2760 (Jhanmont-en-chin,
619 2724 710 2759 Oise,
731 2724 830 2754 eh.—l.
847 2724 887 2753 de
905 2730 1040 2755 canton.

155 2767 183 2794 3,
219 2765 262 2794 Ce
277 2776 353 2795 vers
372 2767 485 2805 parait
503 2765 595 2796 imit&
612 2765 653 2796 de
670 2765 818 2807 Virgile;
835 2777 888 2806 ep.
908 2767 1046 2803 munde,
1067 2767 1101 2803 V,
1122 2768 1171 2796 42.
