1846 3184
331 158 368 185 §ni
999 160 1140 192 SI'GER

330 246 533 292 perantes
557 237 663 278 tanti
689 238 854 279 domiui
876 239 1127 295 gratissimo
1151 240 1407 281 fruebantur
1434 240 1695 296 patrocinio.
1727 241 1804 283 (lui

330 321 424 344 eum
453 303 491 344 in
520 304 692 361 Apulia,
717 306 831 361 apud
855 305 1072 347 civitatem
1098 307 1377 357 ssotontum1‚
1404 307 1562 348 missus
1581 324 1602 348 a
1627 308 1806 349 domino

331 388 430 428 rege
456 372 676 414 [udovieo
711 390 789 429 pro
821 373 1082 430 quibusdam
1120 376 1238 432 regni
1274 374 1463 432 negotiis
1495 376 1801 426 occurrissem,

327 439 390 479 vir
423 441 690 496 apostoliens
718 449 803 481 tam
834 459 911 498 pro
947 442 1114 482 domini
1147 442 1261 499 regis
1290 459 1417 499 quam
1444 459 1523 499 pro
1550 443 1803 484 monasterii

326 507 463 547 nostri
494 508 736 549 reverentia
762 509 1004 550 honorifice
1035 526 1113 550 nos
1144 509 1325 566 recepit,
1357 519 1399 551 ct
1421 510 1584 551 diutius
1614 511 1803 551 retinere

325 575 469 626 vellet,
496 575 529 616 si
554 577 740 618 ecclesie
764 586 912 618 nostre
943 594 1088 618 amore
1114 585 1156 618 ct
1187 577 1421 629 sociorum,
1454 578 1624 619 abbatis
1651 578 1800 619 Sancti

325 643 531 684 Germani
554 645 585 699 52,
616 645 720 686 socii
760 653 802 685 et
835 645 1091 696 connutriti,
1125 652 1167 685 ct
1195 644 1376 685 aliorum
1403 644 1688 702 persuasione
1715 662 1801 686 non

324 711 649 753 ‹lev‹›ca1·01mn·.
701 712 894 753 Peractis
953 712 1099 769 itaque
1154 712 1277 770 regni
1330 729 1413 769 quc
1469 728 1800 769 susceperamus

326 779 538 835 negociis,
573 796 913 837 cum-prospere
941 781 1086 821 redire
1111 789 1447 829 maturaremus,
1476 788 1522 821 ut
1549 779 1800 837 peregrino-

327 863 417 887 rum
455 864 547 888 mos
583 856 649 888 est
692 847 885 906 hospitio
926 848 1119 906 suscepti
1158 848 1342 906 quadam
1373 848 1495 898 villa,
1533 864 1629 889 cum
1666 847 1800 889 finitis

323 914 562 965 matutinis,
591 932 790 957 auroram
817 917 1090 973 expectando
1118 916 1321 957 vestitum
1354 916 1397 956 in
1426 916 1540 956 lecto
1573 914 1671 956 mcl
1702 916 1800 956 red-

321 981 548 1033 didissem,
581 983 877 1040 semivigilans
902 984 1055 1025 videor
1084 984 1232 1025 videre
1258 1001 1324 1025 me
1360 984 1446 1024 alto
1476 983 1606 1024 maris
1639 983 1797 1040 spatio,

322 1049 478 1107 exiguo
508 1051 653 1092 lembo
681 1051 819 1092 solum
850 1051 968 1092 omni
1007 1051 1190 1110 remigio
1225 1051 1483 1093 destitutum
1516 1051 1684 1110 vagari,
1717 1052 1799 1092 sre-

321 1118 470 1173 quenti
494 1118 702 1159 fluctuum
729 1127 847 1160 motu
875 1120 1004 1161 modo
1034 1120 1314 1161 ascendendo
1337 1119 1466 1161 modo
1486 1119 1799 1160 descendendo

320 1185 568 1240 periculose
597 1186 830 1237 fluctuare,
864 1204 1120 1244 percussum
1135 1199 1163 1216 '²²
1192 1187 1372 1228 horrido
1402 1187 1615 1245 naufragii
1643 1188 1798 1228 timore

320 1252 571 1295 Divinitatis
612 1270 736 1295 aures
779 1255 915 1296 multo
960 1255 1148 1296 elamore
1190 1255 1450 1305 sollicitare,
1494 1271 1590 1295 cum
1628 1256 1794 1305 subito,

318 1320 463 1361 divina
496 1322 828 1379 propitiatione,
864 1322 975 1363 lenis
1010 1332 1052 1364 et
1086 1323 1258 1380 placida
1289 1339 1406 1372 aura,
1445 1330 1652 1379 tanquam
1689 1323 1796 1363 sudo

318 1404 415 1429 aere
437 1389 661 1439 suscitata,
690 1390 919 1431 tremulam
943 1399 985 1431 et
1005 1392 1091 1446 jam
1116 1389 1437 1446 periclitantem
1465 1391 1657 1430 miseren
1684 1390 1795 1431 navi-

319 1455 412 1496 cule
433 1472 607 1512 proram
629 1456 672 1497 in
695 1457 910 1498 directum
934 1466 1212 1515 retorquenS,
1238 1457 1478 1514 oppinione
1501 1457 1636 1498 cicius
1659 1457 1796 1515 appli-

317 1539 444 1573 cans,
476 1532 649 1580 portum
683 1524 904 1581 placidum
934 1525 1243 1582 apprehendit.
1280 1525 1502 1566 Excitatus
1529 1533 1672 1566 autem
1701 1542 1795 1566 crc-

315 1591 516 1646 pusculo,
548 1591 631 1633 iter
662 1601 835 1650 ceptum
860 1592 1140 1651 aggrediens,
1173 1609 1268 1634 cum
1292 1602 1333 1633 et
1360 1592 1573 1634 visionem
1597 1602 1639 1634 et
1663 1593 1795 1634 visio-

316 1658 380 1698 nis
407 1658 823 1716 interpretacionem
851 1669 890 1700 et
916 1676 1155 1701 memorare
1180 1668 1222 1701 et
1244 1659 1468 1717 assignare
1491 1661 1634 1702 eundo
1660 1661 1793 1702 multa

315 1725 607 1767 mcditaeioue
638 1727 899 1778 laborarem,
924 1754 981 1759 ——
1007 1728 1215 1769 timebam
1240 1727 1356 1768 enim
1381 1727 1590 1769 fluctuum
1614 1727 1793 1769 infesta-

313 1794 439 1835 eione
465 1794 642 1852 aliquod
663 1812 793 1853 grave
816 1795 1102 1837 infortunium
1128 1794 1259 1836 michi
1281 1795 1537 1854 significari,
1560 1822 1617 1826 ——
1638 1812 1791 1837 oecur-

314 1861 369 1902 rit
399 1862 544 1903 subito
577 1879 686 1919 puer
717 1862 957 1913 familiaris,
1002 1863 1075 1921 qui
1114 1879 1233 1904 meos
1274 1879 1429 1920 meque
1467 1880 1791 1922 recognoscens

312 1929 424 1970 letus
459 1939 502 1971 et
538 1930 674 1971 tristis
716 1930 1018 1989 singulm-emo
1053 1931 1251 1983 educitl),
1288 1931 1454 1972 domini
1498 1931 1637 1973 nostri
1677 1932 1791 1972 bone

312 1997 519 2039 memorie
559 1998 729 2039 abbatis
769 1999 862 2040 Ade
905 2001 1196 2041 antecessoris
1231 2000 1461 2041 decessum
1497 1999 1734 2041 denunciat
1758 2000 1788 2049 3,

310 2120 334 2149 il
345 2121 420 2159 litut
438 2120 694 2150 sous-entemlre
716 2121 856 2150 ecclesie
878 2132 882 2150 :
904 2122 953 2151 les
972 2125 1086 2151 autres
1102 2122 1227 2162 eglises
1246 2121 1286 2151 dc
1300 2122 1404 2152 Rome
1422 2126 1454 2151 et
1471 2121 1515 2151 du
1533 2121 1657 2151 dehors
1676 2132 1790 2151 recou-

309 2166 409 2191 x‘rant
422 2161 514 2191 leurs
533 2162 629 2191 biens
648 2162 787 2201 perdus,
809 2167 872 2191 etc.

349 2203 369 2232 l.
396 2214 448 2232 me
466 2203 556 2232 deest
575 2203 611 2232 D.

348 2256 389 2273 m.
415 2244 679 2284 perculsumque
701 2245 737 2274 D.

348 2297 380 2315 ll.
409 2296 568 2315 miseram
585 2286 624 2317 G.

347 2339 375 2356 ο.
402 2327 522 2356 Inutile
540 2327 580 2355 (le
598 2327 744 2368 corriget·
762 2327 963 2367 singultum,
984 2339 1107 2357 comme
1123 2327 1151 2357 le
1170 2328 1297 2358 velden!
1312 2327 1357 2357 les
1375 2327 1604 2363 Be'nddt'clinffi
1632 2327 1787 2368 singula-

307 2379 377 2398 rem
397 2368 528 2407 depeml
545 2368 585 2397 (le
603 2379 672 2403 me:
694 2380 745 2398 me
765 2368 976 2408 singularem
994 2369 1107 2399 educit
1126 2373 1196 2398 veut
1216 2369 1288 2399 (lire
1307 2378 1316 2398 .·
1335 2370 1358 2398 il
1377 2380 1429 2399 me
1447 2370 1509 2399 tire
1525 2372 1542 2398 {1
1558 2373 1647 2409 part.

340 2421 377 2449 p.
404 2410 519 2439 eduxit
538 2410 571 2439 F,

348 2564 375 2592 ¹1.
402 2563 530 2593 Calixte
558 2563 586 2592 II
614 2563 696 2593 ctait
722 2566 741 2592 ἐι
766 2563 914 2597 Bitonto,
944 2575 983 2593 cn
1006 2564 1161 2599 Calabro,
1187 2565 1217 2594 le
1249 2565 1285 2593 28
1308 2564 1442 2604 junxi&
1468 2565 1556 2601 1122,
1583 2564 1659 2594 date
1686 2565 1784 2595 d'une

306 2605 398 2634 bulle
416 2615 456 2633 en
473 2606 591 2634 saveur
608 2605 648 2633 de.
664 2604 819 2644 l'abbaye
836 2605 875 2634 de
892 2605 1358 2636 Suint-Germain-des-Pres.

347 2647 375 2675 2.
400 2646 538 2685 Hugues
569 2646 611 2675 lV
638 2647 726 2684 (vers
749 2647 935 2687 ἨΒ-’1146)
967 2647 1059 2676 avait
1083 2649 1133 2677 ete
1166 2647 1276 2676 moine
1304 2650 1322 2676 a
1353 2647 1586 2681 Saint-Denis,
1614 2651 1718 2678 avant
1744 2647 1784 2676 de

306 2687 445 2716 devenir
462 2687 492 2716 le
507 2691 741 2717 restaurate-ur
759 2688 798 2717 dc
817 2688 850 2717 la
868 2688 1049 2728 discipline
1068 2689 1281 2728 monastique
1297 2691 1315 2717 a
1334 2688 1626 2719 saint-Genuam.

348 2731 375 2758 3.
402 2728 509 2758 Adam
528 2733 665 2758 mourut
678 2729 708 2758 le
728 2728 761 2758 19
780 2729 903 2759 levrici*
920 2729 1010 2758 1122.
