1846 3184
278 171 335 202 '130
942 167 1082 199 SUGER

279 247 451 305 augusti
474 247 502 296 ¹,
529 245 729 303 spiritum
759 245 952 286 emisity.
980 246 1087 285 Cum
1111 253 1253 285 autem
1283 245 1433 286 eadem
1463 245 1568 286 hora
1594 262 1752 302 corpus

279 317 370 371 ejus
418 314 619 371 precioso
664 312 797 370 pallio
842 312 1083 353 involutum
1127 312 1179 353 ad
1224 312 1454 353 ecclesiam
1503 321 1751 354 sanctorum

279 384 516 438 Martyrum
537 381 759 437 sepulture
777 380 1099 438 deportaretur,
1123 388 1166 420 et
1183 380 1503 437 precessissent
1521 380 1593 438 qui
1613 381 1752 438 sepul-

278 458 374 490 ture
390 449 533 490 locum
552 448 826 505 adaptarent,
854 463 984 489 unum
1007 446 1193 504 contigit
1209 448 1326 504 quod
1348 447 1522 489 silentio
1542 449 1754 504 preterire

279 516 462 573 dignum
488 532 574 557 non
594 515 780 557 Videtur.
802 517 909 556 Cum
932 514 1047 555 enim
1064 515 1256 571 prefatus
1277 531 1351 556 rex
1373 515 1601 556 nobiscum
1619 527 1636 544 ³
1656 531 1753 556 con·

280 584 461 625 serendo
497 584 550 625 de
580 583 815 640 sepulturis
857 599 1007 640 regum
1036 581 1272 639 aliquando
1308 583 1381 623 aut
1414 583 1560 639 sepius
1588 591 1752 640 ageret,

283 652 452 693 felicem
471 652 561 693 sore
579 652 801 692 asserebat
821 650 894 708 qui
915 650 1029 691 inter
1049 649 1341 691 sacratissima
1365 658 1514 691 sancte
1530 649 1756 691 Trinitatis

281 727 323 761 ct
337 727 586 760 sanctorum
600 720 840 775 Martyrum
859 717 1008 759 altaria
1026 717 1203 774 sepeliri
1224 726 1480 768 mereretur,
1497 717 1701 775 quoniam
1716 726 1758 758 et

282 804 325 829 sa
334 795 532 828 notorum
553 786 762 843 suffragio
778 795 820 827 et
836 784 1171 827 adventancium
1189 784 1461 826 orationibus
1478 794 1757 842 peccatorum

281 856 450 896 veniam
469 853 706 911 optineret,
727 869 777 894 ex
796 854 879 894 hoc
899 852 995 910 ipso
1011 852 1279 894 voluntatem
1301 868 1421 893 suam
1441 852 1570 893 tacite
1590 851 1757 910 signifi-

281 939 400 964 cans.
424 924 532 963 Cum
551 929 693 962 autem
710 932 729 950 a
753 929 986 977 antequam
1010 937 1107 962 cum
1131 920 1221 961 filio
1239 919 1495 972 exissemus,
1519 936 1615 961 cum
1634 936 1765 962 vene-⁴

282 990 407 1032 rabili
449 990 634 1031 ecclesie
664 988 810 1046 priore
852 991 1020 1029 Herveo
1055 988 1324 1045 sepulturam
1361 989 1452 1043 ejus
1486 995 1586 1028 ante
1626 987 1759 1028 altare

282 1067 430 1100 sancte
462 1056 706 1107 Trinitatis,
738 1073 788 1097 ex
820 1055 1028 1113 opositob
1060 1055 1216 1097 tumuli
1246 1055 1394 1097 Karoli
1426 1054 1702 1112 imperatoris
1725 1058 1756 1105 2',

283 1126 501 1168 mediante
525 1125 666 1175 altari,
695 1122 1056 1181 providissemus,
1085 1131 1297 1180 occupato
1317 1123 1414 1164 1000
1436 1122 1757 1180 Karlomagniss,

280 1197 548 1237 Francorum
581 1191 696 1250 regis
716 1203 748 1241 ⁰,
785 1190 886 1249 quia
922 1207 1003 1232 nee
1036 1191 1098 1231 fas
1127 1207 1206 1232 nec
1242 1190 1515 1231 consuetudo
1546 1189 1762 1247 permittit

281 1277 407 1320 leges
441 1258 726 1317 exhospitari,
764 1259 881 1316 quod
915 1258 1323 1315 proposueramus(l
1343 1258 1436 1299 fieri
1477 1274 1564 1298 non
1599 1257 1755 1314 potuit.

280 1330 365 1372 Ubi
408 1337 550 1370 autem
593 1327 687 1385 ipse
736 1326 858 1384 quasi
904 1327 1089 1399 quadam
1131 1325 1383 1383 pronostica
1427 1334 1757 1398 pmoptaverat,

281 1405 477 1454 attempt
469 1405 591 1437 intes
620 1412 640 1436 0
647 1403 746 1436 ontr
751 1410 772 1434 a
797 1394 991 1435 omnium
1018 1394 1288 1451 opinionem,
1315 1409 1466 1434 omnes
1491 1392 1606 1434 enim
1628 1392 1759 1450 impe-

280 1464 420 1506 ditum
458 1465 602 1505 locum
648 1463 928 1513 estimabant,
980 1478 1054 1519 qu
1044 1470 1191 1502 uitum
1237 1477 1317 1502 nec
1360 1461 1458 1518 plus
1497 1476 1577 1502 nec
1618 1461 1761 1501 minus

281 1530 548 1589 longitudini
594 1539 636 1571 et
672 1528 893 1570 latitudini
932 1528 1130 1585 corporis
1163 1530 1256 1585 ejus
1294 1527 1586 1569 conveniebat
1616 1528 1761 1568 locum

282 1607 547 1640 reservatum
575 1597 838 1639 invenerunt
856 1608 888 1646 ⁶¹,
920 1597 994 1637 ubi
1030 1612 1127 1637 cum
1152 1595 1400 1637 orationum
1431 1603 1473 1636 et
1499 1596 1761 1651 hymnorum

280 1666 526 1724 frequentia
547 1674 590 1707 et
608 1664 897 1707 celeberrimo
912 1664 1159 1721 devotoque
1176 1663 1458 1721 exequiarum
1481 1662 1624 1704 officio
1643 1679 1762 1704 more

281 1733 401 1793 regio
432 1733 677 1791 deposituS,
705 1731 1040 1774 resurrectionis
1073 1732 1215 1772 future
1244 1730 1514 1772 consortium
1540 1738 1758 1787 expectat,

280 1811 401 1843 tanto
448 1809 697 1843 sanctorum
732 1800 964 1858 spirituum
1005 1799 1192 1858 collegio
1241 1798 1400 1856 spiritu
1442 1797 1758 1856 propinquior,

280 1878 442 1927 quanto
458 1885 641 1926 corpore
661 1867 824 1909 sanctis
849 1867 1111 1924 martyribus
1131 1867 1183 1908 ad
1203 1865 1533 1923 suffragandum
1557 1864 1754 1922 proxime

281 1937 477 1995 sepultus
504 1935 682 1977 assistit.

608 2038 700 2068 lv'eliae
718 2037 776 2078 elui
789 2037 909 2078 potuit,
926 2037 1043 2067 mundi
1056 2040 1195 2067 nutante
1210 2037 1319 2070 ruina,

609 2088 805 2129 Quojaceat
818 2087 966 2128 preci-ese
989 2087 1058 2116 loco
1077 2088 1101 2117 4.

320 2213 353 2242 μ.
379 2200 525 2231 creatori
544 2199 625 2229 add.
645 2200 679 2229 F.

322 2255 349 2273 z.
375 2253 453 2273 eum
467 2242 591 2272 abbate
610 2240 754 2280 Sugerio
772 2241 806 2269 F.

321 2297 353 2314 a.
377 2284 468 2314 idem
486 2283 593 2312 abbas
613 2283 661 2312 S.-
666 2281 899 2322 D.Sugerius‚
874 2292 887 2306 ·
919 2285 1101 2320 antequam
1119 2279 1152 2309 in
1168 2279 1331 2309 comitatu
1349 2278 1410 2309 filii
1428 2279 1520 2319 regis
1538 2279 1602 2308 iret
1620 2277 1653 2307 F

323 2326 352 2355 b.
380 2324 533 2365 exposito
549 2324 585 2353 D.

321 2379 348 2397 c.
375 2366 552 2412 sepultuia
569 2364 677 2395 αιίιίιέ.
699 2365 735 2394 D
758 2366 847 2394 Nous
866 2363 1074 2393 mamtenons
1092 2362 1126 2391 la
1149 2361 1240 2398 [egon
1258 2372 1428 2391 commane
1449 2362 1468 2390 τὶ
1486 2365 1560 2391 tous
1579 2360 1624 2390 les
1646 2362 1758 2389 autres

282 2408 493 2439 manuscrits.

322 2449 355 2480 d.
380 2452 609 2489 proposueiat
627 2448 662 2477 F.

321 2503 348 2520 e.
374 2493 600 2530 reppererunt
614 2489 651 2519 D.

376 2626 418 2655 Le
438 2626 481 2655 1⁰¹
498 2629 578 2655 aont
593 2625 682 2654 1137.

376 2667 530 2696 Chailes-
533 2667 583 2696 10-
588 2667 734 2695 Chauve.

376 2709 398 2737 C
403 2709 570 2742 ’11-101111111,
590 2708 645 2737 fils
661 2707 705 2736 du
720 2706 913 2747 precedent.

347 2774 351 2779 .
378 2748 735 2786 Lu011in,lv,393;1e
755 2751 843 2778 texte
861 2747 1009 2787 original
1023 2751 1120 2787 porte
1131 2746 1207 2787 jam
1223 2746 1317 2777 scira

321 2627 349 2779 eve?
