1846 3184
668 188 724 218 DU
748 187 821 218 ROI
846 186 975 217 LOUIS
999 186 1057 216 Vll
1551 188 1606 217 149

125 266 296 324 imperii
322 268 376 308 ab
398 265 658 308 Innocentio
681 280 794 322 papa
823 266 975 315 Rome,
1001 263 1351 322 repugnantibus
1376 265 1601 315 Romanis,

123 334 402 392 assumpsit1,
432 335 683 391 Capuanam
717 341 759 374 et
788 334 1143 374 Beneventanum
1170 332 1472 390 pertransiens
1500 347 1603 388 pro-

122 400 324 452 vinciam,
351 400 553 458 Apuliam
588 402 632 442 in
663 417 738 441 ore
771 399 907 459 gladii
932 399 1196 456 perdomuit,
1228 415 1375 458 regem
1406 398 1602 441 Siculum

123 468 305 527 fugavit,
341 471 624 510 Barensemm
663 469 882 510 civitatem
919 476 962 509 et
996 467 1381 524 circumjacentem
1418 467 1602 524 patriam

120 535 373 593 occupavit,
418 537 640 594 plenoque
689 536 855 594 potitus
910 537 1098 593 tropheo
1118 570 1126 586 ,
1189 552 1211 576 a
1267 535 1467 593 partibus
1515 535 1602 577 illis

120 604 311 656 rediens,
337 613 476 646 morte
502 605 678 646 comuni
700 612 954 663 preventus,
982 604 1035 644 ad
1058 603 1250 645 nativum
1274 603 1413 645 solum
1437 611 1479 644 et
1505 620 1602 661 pro-

118 671 238 729 prios
262 672 446 714 ducatus
471 673 660 715 Saxonie
682 681 865 730 penates
886 672 1048 713 relatus
1072 671 1205 713 tantis
1222 670 1449 712 laboribus
1471 671 1600 713 finem

118 740 343 799 egregium
371 740 649 782 destinavit?

173 863 282 915 [HL]
310 863 399 904 Nec
424 861 567 904 minus
592 861 780 903 infauste
806 862 860 902 de
892 876 1029 919 regno
1062 860 1306 918 Anglorum
1334 861 1415 901 hac
1445 859 1596 901 eadem

114 929 346 972 occasione
378 931 619 988 contigisse
648 929 947 980 meminimus,
984 945 1081 970 cum
1111 928 1321 970 defuncto
1351 936 1530 969 strenuo
1559 936 1602 969 ct

116 997 405 1039 famosissimo
450 1015 551 1056 rege
598 997 831 1049 Henric03,
881 998 983 1054 quia
1025 997 1190 1038 herede
1238 1013 1354 1038 mare
1404 997 1595 1047 carebat,

115 1065 394 1107 Boloniensis
435 1082 581 1107 comes
623 1067 876 1123 Stephanus
892 1065 923 1116 4,
960 1081 1098 1122 nepos
1134 1067 1241 1122 erS,
1284 1066 1418 1107 frater
1449 1065 1601 1121 junior

112 1133 293 1191 palatini
316 1133 489 1175 comitis
519 1134 782 1185 Theobaldi,
808 1151 859 1175 ex
887 1134 1113 1191 insperato
1143 1150 1325 1193 regnum
1352 1133 1596 1192 ingressus,

113 1218 201 1244 non
242 1210 450 1260 reputans
490 1202 607 1259 quod
651 1219 797 1243 comcs
844 1201 1211 1260 Andcgavensis5
1256 1202 1388 1243 filiam
1440 1202 1594 1259 prefati

115 1269 229 1329 regis
258 1269 451 1322 Henrici,
484 1270 687 1312 avunculi
710 1271 792 1320 sui,
824 1286 908 1327 quc
938 1278 979 1311 et
1007 1269 1263 1327 imperatrix
1302 1272 1595 1312 Romanorum

116 1338 252 1379 suerat
266 1338 297 1390 6,
329 1340 560 1397 conjugem
596 1346 639 1379 et
672 1355 722 1379 ex
756 1354 803 1379 ea
840 1337 951 1379 filios
987 1339 1234 1388 habebat'l,
1273 1354 1479 1379 coronam
1506 1339 1598 1395 ejus

113 1406 363 1464 assumpsit.
398 1409 491 1461 Quc
523 1406 772 1464 perniciosa
801 1407 954 1458 factio,
989 1407 1082 1448 zelo
1111 1415 1153 1448 et
1184 1406 1438 1448 diversitate
1469 1407 1596 1448 baro-

113 1491 232 1525 num,
264 1474 473 1516 comitum
501 1483 630 1532 atque
662 1476 920 1531 optimatum
954 1475 1078 1532 regni
1106 1483 1226 1516 tanta
1256 1483 1415 1516 terram
1445 1474 1597 1532 copio-

112 1559 201 1584 sam
227 1551 269 1584 et
298 1542 564 1584 fructiferam
589 1559 610 1583 a
635 1542 806 1584 malicia
830 1543 1171 1584 inhabitantium
1204 1543 1247 1583 in
1274 1559 1322 1584 ca
1349 1543 1595 1584 calamitate

111 1610 310 1662 extinxit,
353 1619 400 1652 ut
445 1619 603 1652 terram
647 1610 849 1652 vastitate
867 1622 901 1657 ⁰,
942 1611 1122 1668 predam
1168 1610 1350 1668 rapinis,
1392 1610 1594 1652 homines

111 1678 324 1720 mortibus
365 1678 452 1720 fere
493 1679 545 1720 ad
589 1680 761 1720 tertiam
792 1688 839 1720 ut
873 1679 994 1720 aiunt
1022 1688 1206 1736 partem,
1251 1680 1593 1737 circumquaque

110 1763 188 1804 per
228 1755 366 1787 totum
410 1762 593 1805 regnum
634 1747 947 1788 exterminaret
964 1747 992 1788 7.
1041 1750 1135 1801 Quc
1175 1746 1352 1804 quidem
1396 1746 1591 1804 pericula

108 1816 376 1856 Francorum
399 1814 550 1856 solatia
577 1814 840 1865 existebant,
869 1831 965 1856 cuni
988 1814 1049 1856 illi
1074 1831 1125 1856 ex
1156 1815 1330 1856 defectu
1358 1816 1440 1856 hec
1466 1814 1591 1856 susti-

109 1890 278 1933 nerent,
306 1882 461 1925 Franci
491 1899 593 1924 vero
619 1891 739 1924 tante
763 1891 805 1924 et
830 1891 913 1923 tam
938 1882 1115 1941 egregie
1145 1882 1281 1940 prolis
1307 1883 1590 1924 successione

107 1950 520 2008 congratularentur
547 1958 590 1992 et
610 1951 955 2008 congauderent.

147 2101 185 2118 ιιι.
212 2088 417 2118 Barrenscm
436 2088 474 2119 G.

144 2141 176 2160 n.
196 2130 365 2160 habuerat
382 2131 416 2167 A,
438 2129 476 2160 G.

145 2183 174 2201 0.
199 2171 396 2201 vastitatem
417 2171 454 2201 D.

146 2310 173 2340 ’1.
196 2310 355 2340 Lothairc
378 2310 426 2339 sut
449 2312 618 2339 eouronne
637 2313 656 2339 a
679 2311 783 2341 Rome
802 2321 864 2350 par
888 2311 918 2340 Ie
939 2321 1028 2350 pape
1052 2311 1212 2340 innocent
1234 2310 1274 2344 ΙΙ,
1303 2310 1332 2338 le
1357 2311 1372 2338 si
1402 2309 1472 2349 juin
1499 2310 1588 2339 1133.

105 2351 183 2381 Voir
200 2352 278 2391 plus
298 2352 392 2386 haut,
410 2362 443 2391 p.
469 2353 517 2381 32.

143 2394 170 2423 2.
196 2393 354 2423 Lothaire
373 2398 511 2423 mourut
525 2394 554 2422 lc
573 2394 589 2422 [ι
610 2394 788 2423 decembre
814 2394 903 2427 1137,
923 2404 965 2423 au
984 2398 1100 2423 retour
1118 2393 1158 2423 de
1179 2404 1238 2423 son
1258 2392 1452 2433 expedition
1473 2397 1589 2423 contre

103 2435 224 2475 Roger,
256 2439 365 2464 comte
394 2446 437 2464 011
465 2435 514 2464 roi
542 2435 582 2464 dc
613 2435 735 2469 sicum
765 2446 824 2465 son
854 2446 955 2476 corps
985 2436 1035 2465 sut
1061 2438 1223 2476 rapporte
1247 2446 1289 2464 au
1322 2435 1515 2464 monastero
1549 2434 1589 2463 de

104 2476 361 2513 Koenigslutter,
378 2477 456 2516 pres
474 2476 514 2506 de
534 2476 747 2506 Brnnswiek.

143 2520 170 2547 5³.
196 2517 298 2547 Heni-i
318 2518 357 2547 Ier
376 2522 513 2547 mourut
529 2521 548 2547 a
568 2518 679 2552 Lions,
701 2520 779 2558 pr'cs
802 2519 928 2555 Romen,
948 2530 988 2548 en
1006 2519 1185 2548 decembre
1206 2518 1291 2547 11:35.

142 2560 170 2588 (ι.
197 2559 266 2588 Fils
282 2558 430 2594 d'Adble,
452 2570 542 2589 secur
563 2559 607 2589 du
624 2560 671 2590 roi
691 2560 791 2589 llenri
811 2564 843 2589 et
862 2560 930 2590 fille.
948 2560 988 2590 de
1008 2561 1203 2591 ‹juillaumo
1222 2559 1252 2588 le
1268 2560 1496 2599 Conquerant.

143 2603 172 2629 ἴ».
196 2600 355 2639 Geoffroy
373 2601 608 2641 plantagenet.

143 2644 172 2671 43.
198 2641 373 2678 Mathildc,
390 2653 496 2673 vcuvc
515 2643 554 2672 dc
569 2643 775 2682 l'empcrcur
792 2643 893 2673 llenri
912 2644 947 2673 V.

143 2685 171 2712 7.
197 2683 242 2712 La
261 2694 383 2723 guerre
400 2688 494 2713 entre
510 2684 685 2719 mathilde,
707 2685 924 2715 filled'llenri
945 2686 994 2721 ΙΝ,
1012 2689 1043 2715 et
1059 2685 1088 2714 le
1106 2684 1153 2714 roi
1174 2684 1325 2719 Etienne,
1347 2684 1432 2714 dura
1447 2684 1588 2713 environ

103 2727 180 2764 sept
197 2735 269 2760 ans,
288 2724 412 2765 jusque
430 2737 507 2755 vers
531 2726 620 2762 1142,
639 2726 724 2756 mais
740 2727 789 2756 les
808 2726 895 2756 deux
912 2727 1127 2757 adversaii-cs
1148 2737 1186 2756 ne
1206 2726 1455 2756 s'aecordcrent
1473 2725 1590 2756 defini-

102 2766 267 2796 tivement
280 2766 378 2807 qu'en
393 2767 482 2796 1153.
