1846 3184
208 182 246 210 60
877 175 1018 207 SUGER

269 256 454 308 [XVIINJ
473 254 597 295 Sicut
611 263 630 282 n
647 254 759 294 bene
777 251 1081 294 fructificantis
1102 253 1270 293 arboris
1288 251 1563 309 gratissimus
1578 251 1685 292 fruc-

207 333 276 364 tus
294 331 365 363 aut
379 321 540 378 stipitis
564 319 967 377 transplantacione
993 328 1063 360 aut
1081 336 1298 360 ramorum
1320 318 1561 359 insertione
1585 318 1686 358 odo-

208 392 385 431 riferum
415 405 615 446 saporem
654 388 919 438 restaurat¹,
958 388 1017 428 sic
1057 396 1099 428 et
1136 387 1377 444 iniquitatis
1413 395 1455 427 ct
1493 385 1687 442 nequitie

209 457 491 514 exstirpanda
508 455 767 513 propagatio
793 456 846 496 (le
870 455 1050 495 traduce
1074 455 1306 495 multorum
1330 469 1516 510 nequam
1542 453 1585 493 in
1602 468 1687 493 uno

209 524 525 582 conglutinata,
554 532 761 580 tanquam
790 522 944 581 anguis
974 523 1128 579 augit⁰
1155 522 1268 563 inter
1298 521 1512 580 anguillas
1542 520 1687 561 stimu-

208 594 341 644 lans·2‚
358 592 499 633 nativa
517 591 806 632 amaritudine
820 599 1027 647 tauquam
1042 589 1232 630 absiutio
1251 597 1386 646 potat.
1406 590 1539 643 Cujus
1554 588 1691 628 instar

208 663 334 718 Ilugo
356 658 666 701 Puteolensisl’
687 660 718 708 ²3,
736 658 801 698 vir
822 673 1008 714 nequam
1033 665 1075 697 et
1096 657 1271 713 propria
1295 665 1336 697 et
1360 664 1688 696 antecessorum

206 728 426 768 tirannide
478 727 566 767 sola
585 737 604 765 ‘l
647 726 904 783 opulentus,
952 741 1049 765 cum
1097 723 1384 765 successisset
1429 722 1472 763 in
1522 724 1690 763 honore

207 794 377 838 Puteoli
399 807 414 825 s
438 795 651 836 avunculo
675 792 867 836 (luidoni
891 804 921 841 ⁸,
947 800 1071 849 pater
1097 791 1212 832 enim
1239 793 1331 847 ejus
1355 791 1462 832 inire
1486 789 1691 846 superbie

208 863 251 904 in
284 861 527 920 primordio
562 860 910 903 lerosoliinitane
940 859 1007 900 vie
1041 875 1156 900 arma
1192 867 1488 916 assumpserat
1508 858 1539 908 4,
1574 857 1689 898 omni

210 931 372 972 malitia
400 930 637 988 patrissare
667 945 813 970 semen
847 944 1035 984 nequam
1073 943 1160 967 non
1193 926 1452 975 desistebat,
1484 925 1559 966 sed
1582 941 1691 981 quos

209 1007 334 1057 pater
362 998 565 1056 flagellis,
597 1005 720 1054 patre
748 995 935 1053 nequior
961 994 1271 1051 scorpionibus
1301 994 1486 1035 cedebat
1507 994 1535 1033 5.
1572 995 1693 1034 Intu-

210 1083 410 1108 mescens
448 1065 612 1123 quippe
647 1064 764 1122 quod
801 1063 980 1120 impune
1009 1078 1225 1119 pauperes
1255 1061 1481 1109 ecclesias,
1519 1076 1694 1100 monas-

208 1134 317 1176 teria
360 1132 665 1176 crudelissime
702 1133 1038 1189 oppresseratl,
1079 1146 1129 1170 eo
1164 1146 1301 1187 usque
1344 1129 1501 1186 pedem
1541 1127 1689 1176 movit,

209 1201 361 1243 miden
395 1201 638 1242 ceciderunt
677 1203 753 1257 ([1ιὶ
780 1208 1018 1256 operaretur
1052 1201 1345 1255 iniquitatem,
1386 1196 1557 1252 apulsa·
1593 1204 1691 1235 suut

211 1286 287 1310 nec
326 1278 561 1326 potuerunt
601 1277 718 1308 stare
738 1266 768 1307 5.
814 1268 921 1307 Cum
967 1264 1102 1323 igitur
1121 1276 1136 1292 ¹·
1184 1281 1263 1305 nec
1311 1280 1456 1320 regem
1498 1263 1691 1303 omnium

251 1435 283 1454 n.
309 1426 400 1453 Dans
426 1424 459 1459 F,
480 1434 514 1452 ee
536 1422 685 1463 cliapilre
706 1425 753 1451 est
769 1422 912 1462 pre'ce'de'
929 1421 1005 1450 cl'mz
1025 1423 1119 1449 conr!
1131 1419 1335 1459 pre'ambnle.
1356 1429 1418 1458 qne
1441 1428 1523 1446 nous
1542 1416 1694 1446 donnons

211 1476 281 1495 aua·
298 1464 484 1494 additions,

250 1519 280 1536 0.
306 1506 410 1546 angui
426 1505 463 1535 B.

245 1559 280 1588 p.
308 1547 347 1577 de
367 1547 511 1577 Puisaco
531 1547 565 1575 F.

249 1600 280 1629 q.
307 1589 406 1618 valde
431 1588 614 1628 opulentus
635 1587 669 1616 F.

251 1641 276 1659 r.
303 1630 407 1659 castri
426 1629 561 1659 Puisaei
581 1632 613 1658 et
630 1628 741 1668 patrie
761 1626 950 1667 adjacentis
970 1627 1004 1656 F.

250 1682 276 1700 s.
295 1671 453 1705 Guidoni‚
470 1670 601 1700 vicinos
615 1680 694 1699 suos
706 1669 797 1709 cepit
808 1668 941 1708 rapinis
953 1666 1232 1697 intolerabilibus
1244 1666 1397 1706 graviter
1409 1666 1582 1695 infestare.
1596 1664 1696 1694 Pater

210 1713 379 1753 siquidem
394 1712 478 1752 ejus,
496 1712 580 1741 mire
596 1711 767 1751 superbie,
781 1710 824 1749 ,in
840 1709 1031 1750 primordio
1048 1708 1318 1738 lerosolimitane
1336 1708 1389 1737 vie
1413 1717 1509 1736 arma
1533 1716 1694 1745 assump-

212 1759 303 1784 serat
319 1758 398 1794 post
416 1753 523 1783 multa
544 1752 675 1782 scelera
696 1755 904 1792 perpetrata.
925 1750 983 1780 sed
1009 1749 1080 1790 ejus
1096 1750 1189 1779 filius
1205 1750 1303 1788 Hugo
1318 1748 1408 1778 omni
1427 1748 1556 1777 malitie
1571 1747 1694 1787 patris-

211 1806 286 1825 sare
304 1800 468 1835 tanquam
485 1804 601 1824 semen
620 1803 767 1833 nequam
784 1803 851 1822 non
868 1792 1049 1828 desistens,
1067 1801 1191 1831 quos...
1212 1791 1246 1820 F.

253 1841 273 1866 t.
302 1837 345 1866 ab
360 1837 408 1865 eis
428 1835 569 1865 mobilia
584 1835 714 1875 absque
731 1833 926 1863 resistentia
941 1836 1145 1873 extorquens
1161 1832 1195 1861 F.

253 1889 284 1907 u.
311 1877 398 1907 unde
416 1882 448 1907 et
463 1877 499 1911 E,
520 1876 558 1907 G.

254 1932 279 1948 ι’.
307 1919 554 1948 nefandissima
573 1916 759 1947 exercendo
775 1916 810 1946 F.

218 2012 1692 2027 Μ

258 2084 282 2113 1.
307 2084 435 2113 Phr-asc
454 2093 519 2122 peu
537 2081 657 2115 claire:
676 2082 786 2122 Suger
806 2081 866 2110 fait
885 2081 925 2110 ici
945 2079 1093 2110 allusion
1111 2089 1176 2108 aux
1195 2077 1359 2118 procedes
1377 2076 1417 2105 de
1436 2076 1468 2105 la
1486 2074 1592 2116 greffe
1610 2079 1640 2104 et
1657 2075 1697 2104 de

214 2125 246 2154 la
267 2125 422 2154 bouture.

255 2167 283 2195 2.
308 2167 410 2195 Autre
436 2165 562 2205 phrase
589 2164 746 2198 obscure,
775 2174 841 2193 non
870 2162 1019 2193 traduite
1048 2173 1111 2202 par
1134 2162 1183 2191 les
1210 2159 1426 2199 Cltroniqnes.
1447 2159 1488 2188 M.
1516 2157 1696 2197 Huguenin

212 2218 361 2247 propose
376 2207 416 2236 de
435 2206 587 2245 corriger
608 2209 771 2245 tanquam
789 2204 927 2245 sangui-5
947 2202 1108 2244 sanguini
1126 2206 1157 2232 el
1175 2201 1372 2241 sanguinem
1391 2199 1481 2229 illius
1499 2198 1675 2228 stimulans
1690 2208 1695 2230 ;

214 2260 299 2278 nous
324 2248 433 2277 citons
454 2251 540 2277 cette
567 2246 756 2276 correction
781 2250 873 2275 toute
897 2245 1143 2286 hypothetique
1171 2253 1301 2273 comme
1322 2253 1367 2271 un
1392 2242 1457 2271 hon
1484 2240 1636 2280 exemple
1658 2240 1697 2268 de

214 2290 359 2330 critique
377 2289 526 2319 verbale.

257 2333 284 2360 ζ’».
312 2331 355 2360 Le.
374 2330 500 2365 Puiset,
521 2328 767 2367 Eure-et-Loir,
788 2332 876 2358 cant.
896 2327 1057 2357 Janville.

255 2373 284 2401 [ι.
311 2371 402 2401 Voiei
421 2372 454 2400 la
479 2370 565 2400 suite
591 2370 650 2399 des
676 2370 853 2409 seigneurs
871 2369 917 2398 du
943 2369 1070 2403 Puiset,
1089 2367 1253 2397 vicomes
1272 2365 1312 2395 de
1332 2365 1506 2397 chartres,
1530 2364 1609 2393 telle
1635 2373 1699 2403 que

214 2413 258 2442 l'a
276 2413 400 2442 etablie
420 2413 461 2442 M.
487 2411 643 2441 d'Arbois
663 2411 806 2452 (comtes
824 2410 864 2439 cle
884 2409 1109 2450 Clzamlmgne,
1131 2410 1171 2443 11,
1192 2407 1354 2445 188-189).
1375 2407 1514 2445 Hugues
1536 2406 1575 2434 1⁰¹
1594 2404 1700 2434 vivait

215 2465 336 2483 encore.
366 2465 405 2483 en
436 2454 533 2485 ‘10an
563 2453 673 2492 Suger
701 2452 797 2492 parle
827 2451 867 2481 de
897 2451 943 2480 lui
971 2451 1049 2491 plus
1080 2450 1161 2480 loin.
1189 2451 1232 2478 Sa
1261 2449 1381 2477 femme
1407 2447 1482 2476 Alix
1509 2446 1556 2475 lui
1587 2446 1700 2475 donna

216 2495 360 2529 Ehrard,
391 2495 550 2533 seigneur
576 2494 620 2523 du
645 2494 771 2527 puiset,
799 2493 950 2532 Hugues,
979 2492 1125 2521 vicomte
1148 2491 1188 2520 de
1210 2490 1383 2524 Chartres,
1412 2492 1444 2517 et
1471 2486 1699 2518 Gui.Ebra1·d

216 2541 353 2566 mourut
371 2532 523 2576 pendant
536 2536 568 2565 la
584 2535 751 2574 premiere
766 2534 920 2563 croisade
936 2544 942 2569 ;
958 2533 998 2562 de
1015 2544 1051 2562 sa
1068 2534 1201 2567 femme,
1219 2531 1304 2566 Alix,
1323 2530 1393 2559 fille
1407 2529 1447 2558 de
1463 2527 1643 2558 Bouchard
1656 2528 1698 2561 11,

215 2582 324 2607 comte
342 2577 382 2606 de
401 2577 547 2610 CorbeiL
574 2576 597 2605 il
620 2576 713 2606 avait
730 2586 771 2605 eu
795 2575 933 2615 Hugues
958 2575 987 2603 lI
1006 2574 1050 2603 du
1074 2573 1202 2608 Puiset,
1230 2572 1312 2601 dont
1330 2571 1353 2600 il
1380 2574 1432 2600 est
1455 2569 1497 2599 ici
1522 2569 1698 2610 question;

216 2618 354 2647 celui-ci
373 2623 430 2648 eut
447 2628 534 2658 pour
555 2621 670 2647 tuteur
691 2627 751 2646 son
768 2616 864 2646 oncle
884 2615 959 2646 Gui.
980 2616 1042 2645 Les
1067 2615 1244 2654 seigneurs
1263 2613 1307 2641 du
1327 2612 1443 2641 Puiset
1460 2610 1585 2640 etaient
1602 2610 1700 2639 allies

217 2670 281 2688 aux
296 2660 489 2694 Rochesort,
507 2669 542 2688 ce
563 2659 619 2699 qui
638 2658 796 2698 explique
815 2657 991 2686 l'hostilite'
1009 2656 1049 2685 de
1069 2655 1169 2686 Louis
1186 2655 1226 2683 Vl
1245 2658 1360 2683 contre
1380 2663 1453 2682 eux.

257 2704 285 2730 Γ).
312 2701 458 2730 Citation
477 2710 623 2740 presque
642 2699 801 2729 textuolle
819 2698 896 2727 d'un
917 2702 1029 2727 verset
1045 2697 1086 2726 de
1107 2697 1139 2726 la
1160 2695 1273 2731 Bihle,
1294 2694 1385 2730 Roisy
1408 2694 1467 2727 ΙΙΙ,
1488 2693 1541 2722 eh.
1560 2692 1630 2724 XII,
1655 2691 1698 2720 11.

259 2744 286 2771 (ἱ.
316 2742 489 2773 Psaumes.
511 2741 612 2775 XXV,
630 2741 678 2770 125.
